2954 4958
320 349 447 404 LXXIIII
748 347 1033 405 PROLEGOMENA.

322 511 450 581 a'utem
481 514 521 579 in
548 514 804 581 bibliothecis
834 514 1003 601 priuatis
1034 514 1257 579 absconditi
1284 514 1323 579 in
1352 516 1471 581 homi-

317 617 409 687 num
445 643 577 687 manus
615 622 679 687 diu
709 646 784 688 non
816 626 1086 710 peruenerunt.
1141 621 1266 708 igitur
1298 621 1470 710 Poggius

322 752 404 795 oum
428 729 579 813 aliquot
609 730 810 796 decenniis
838 735 928 815 post
956 727 1103 794 Catulli
1131 729 1319 813 quoddam
1348 755 1472 798 exem-

320 837 405 921 plar
444 836 688 924 indagasset,
729 839 828 923 apud
865 837 1012 902 saeculi
1053 835 1115 901 XV
1156 835 1281 902 Italos
1322 836 1472 905 Catulli

321 944 428 1009 audit
446 944 640 1010 inuentor.
682 967 726 1010 ex
746 944 838 1011 aliis
858 949 984 1010 autem
1007 943 1101 1009 libri
1119 942 1360 1011 Veronensis
1386 970 1473 1033 apo·

319 1046 482 1137 ‘graphia
519 1052 672 1118 codices
709 1053 773 1118 illi
810 1053 1022 1138 fluxerunt,
1064 1072 1173 1138 quos,
1210 1074 1292 1117 cum
1334 1055 1472 1119 multis

319 1158 701 1245 interpolationibus
730 1160 934 1247 deprauati
963 1160 1056 1246 sint,
1085 1160 1302 1225 deteriores
1330 1184 1473 1227 uocare

320 1267 462 1354 solent3
486 1268 550 1352 qui
574 1273 615 1333 ut
640 1269 840 1334 codicibus
860 1279 887 1334 0
911 1273 948 1333 et
967 1279 998 1334 G
1019 1267 1098 1333 fide
1122 1269 1277 1354 cedunt,
1299 1268 1357 1334 ita
1380 1293 1472 1335 non·

319 1396 511 1459 nunquam
533 1397 624 1439 uera
647 1379 910 1441 seruauerunt.

786 1557 998 1564 ...-..—.—.-.—

407 1697 451 1762 Et
469 1697 549 1764 haec
564 1698 694 1782 quidem
712 1699 879 1763 hactenus.
918 1697 974 1761 sed
993 1701 1102 1763 textus
1122 1696 1297 1763 Catulliani
1311 1700 1473 1767 historiae

318 1804 450 1873 criticae
484 1828 503 1868 a
532 1803 627 1868 nobis
656 1826 754 1889 supra
790 1803 953 1869 exhibitae
989 1804 1042 1868 hic
1077 1804 1244 1871 adicienda
1278 1811 1328 1871 est
1360 1809 1470 1874 breuis

318 1912 480 1979 enarratio
515 1934 627 1978 eorum
660 1933 741 1995 quae
773 1911 848 1976 inde
881 1935 901 1975 a
930 1910 1053 1976 renatis
1083 1917 1120 1977 ut
1151 1913 1243 1977 aiunt
1277 1914 1400 1980 litteris
1431 1918 1471 1982 ad

318 2020 517 2086 emendanda
534 2022 651 2104 poetae
671 2018 814 2082 carmina
829 2018 1037 2084 contulerunt
1055 2019 1119 2083 uiri
1138 2020 1232 2085 docti.
1262 2021 1339 2086 data
1359 2027 1470 2088 autem

319 2127 487 2194 occasione
511 2127 625 2191 doctos
645 2125 764 2190 saeculi
784 2124 847 2189 XV
866 2125 977 2209 Italos,
1001 2125 1056 2210 qui
1076 2131 1144 2191 tam
1162 2150 1257 2213 saepe
1276 2131 1470 2196 temerariae

318 2240 415 2321 atque
452 2234 531 2299 adeo
569 2232 682 2298 foedae
723 2232 986 2316 interpolationis
1025 2256 1124 2320 supra
1161 2240 1253 2300 erant
1289 2236 1470 2323 incusandi,

317 2342 413 2408 iustis
437 2342 490 2407 hic
512 2363 747 2427 persequamur
775 2339 934 2405 laudibus.
982 2341 1052 2426 qui,
1079 2340 1156 2407 licet
1184 2341 1375 2426 saepissime
1399 2368 1470 2430 pec-

319 2449 463 2516 cauerint
491 2448 697 2536 ignoratione
727 2446 851 2513 scilicet
880 2447 948 2512 eius
979 2448 1163 2513 seueritatis
1191 2471 1369 2534 earumque
1396 2474 1469 2517 nor-

317 2581 443 2624 marum
467 2557 584 2642 quibus
607 2578 693 2622 nunc
713 2559 817 2620 artem
841 2555 987 2620 criticam
1006 2578 1200 2641 exercemus,
1223 2560 1335 2621 tamen
1353 2559 1468 2623 natiue

317 2666 457 2750 quodam
480 2665 561 2730 recti
584 2664 717 2748 uerique
742 2683 839 2728 sensu
862 2662 980 2727 imbuti
1005 2667 1101 2746 atque
1128 2663 1266 2729 lectione
1296 2669 1469 2748 poetarum

316 2772 507 2836 Latinorum
536 2770 665 2835 assidua
691 2769 845 2835 instructi
877 2791 945 2834 non
975 2769 1087 2855 paucis
1120 2770 1225 2836 hercle
1258 2770 1341 2836 locis
1374 2795 1468 2837 suurn

317 2876 446 2944 Catullo
461 2877 642 2943 rectissime
656 2877 871 2943 restituenmt
886 2882 919 2942 et
932 2877 1055 2963 ingenii
1070 2877 1225 2942 felicitate
1240 2878 1468 2945 seuerissimos

315 2985 508 3072 posterioris
532 2985 650 3051 aetatis
674 2985 806 3051 criticos
825 2985 987 3050 interdum
1006 2985 1198 3070 praeierunt.
1228 2986 1285 3051 sed
1305 2987 1467 3054 bonorum

315 3093 524 3158 inuentorum
548 3098 696 3159 auctores
720 3092 833 3179 Italos,
855 3096 970 3177 utpote
992 3093 1028 3157 in
1052 3108 1072 3161 ς
1094 3093 1186 3159 libris
1209 3098 1243 3158 et
1266 3094 1467 3161 editionibus

317 3199 554 3284 antiquissimis
574 3202 751 3287 latitantes,
774 3200 969 3266 nominatim
989 3199 1104 3266 afferre
1127 3223 1193 3266 non
1216 3201 1339 3286 ubique
1358 3202 1467 3267 licuit:

315 3312 362 3394 tu,
381 3308 577 3392 ubicumque
596 3309 770 3374 lectionem
793 3308 829 3373 in
847 3318 878 3373 V
897 3313 1082 3393 corruptam
1100 3308 1192 3373 nullo
1213 3309 1339 3375 adiecto
1360 3333 1467 3376 emen-

319 3416 432 3480 datore
461 3415 496 3478 in
525 3420 682 3501 apparatu
709 3419 823 3481 nostro
848 3415 961 3480 critico
985 3420 1270 3481 commemoratam
1293 3417 1468 3503 inueneris,

316 3527 411 3610 grato
444 3522 563 3608 pioque
597 3523 704 3588 animo
738 3523 898 3588 Italorum
925 3522 1054 3586 illorum
1088 3527 1260 3588 memento.
1310 3525 1378 3590 iam
1411 3525 1465 3609 qui

317 3630 446 3696 saeculo
471 3629 552 3695 XVI
576 3630 753 3695 extiterunt
777 3627 899 3695 Catulli
919 3633 1200 3715 commentatores,
1222 3629 1372 3697 Muretus
1397 3631 1465 3698 Sta-

316 3737 381 3803 tius
416 3737 574 3824 Scaliger,
607 3737 636 3802 ei
668 3742 705 3802 ut
742 3736 1004 3822 interpretationi
1041 3736 1287 3802 fundamentum
1319 3739 1463 3805 iecerunt

319 3844 468 3932 solidum,
491 3845 540 3910 ita
563 3845 779 3910 emendationi
804 3844 1025 3910 admirandum
1047 3845 1083 3909 in
1105 3845 1237 3909 modum
1263 3845 1463 3930 profuerunt.

315 3952 376 4016 hos
409 3953 464 4037 qui
492 3956 646 4018 secuntur
675 3952 795 4017 saeculi
826 3950 922 4016 XVlI
954 3956 985 4016 et
1015 3951 1127 4017 XVIII
1161 3952 1294 4037 Bataui,
1325 3951 1460 4018 Vossius

317 4058 448 4124 Dousae
471 4060 625 4126 Heinsius
650 4059 857 4144 Schraderus,
881 4059 910 4123 ei
934 4064 967 4124 et
989 4059 1052 4145 ipsi
1076 4059 1117 4124 ob
1140 4059 1307 4145 praeclara
1329 4059 1461 4125 inuenta

317 4167 421 4231 multa
447 4167 675 4234 immortaliter
703 4168 741 4232 de
769 4165 898 4232 Catullo
927 4172 1120 4232 meruerunt.
1168 4167 1223 4232 sed
1251 4168 1461 4251 quantumuis

316 4275 434 4339 horum
458 4275 602 4341 omnium
621 4280 653 4341 et
677 4275 795 4341 mentis
816 4298 951 4340 acumen
975 4279 1007 4339 et
1025 4274 1149 4360 ingenii
1167 4274 1342 4360 εὐστοχίαν
1362 4275 1462 4360 suspi-

317 4383 452 4465 ciamus,
475 4381 565 4447 dcrat
587 4387 697 4447 tamen
720 4383 800 4448 uiris
823 4383 900 4468 illis,
922 4387 960 4447 ut
984 4381 1115 4448 omnino
1140 4382 1185 4448 eis
1205 4382 1324 4468 quibus
1348 4383 1460 4447 florue

316 4493 394 4555 runt
409 4488 554 4574 saeculis,
573 4494 662 4554 certa
674 4489 733 4554 illa
747 4491 936 4555 emendandi
955 4513 1070 4555 norma
1090 4513 1128 4556 ex
1144 4495 1295 4556 accurata
1315 4491 1461 4556 codicum
