2954 4958
676 322 861 378 OATULLUS

706 503 825 569 XXVI.

408 628 496 713 Furi,
518 628 633 693 uillula
657 634 769 693 uostra
791 652 858 694 non
881 631 921 694 ad
944 630 1048 694 austri

407 733 521 798 Flatus
545 734 696 818 opposita
719 739 769 799 est
791 758 895 821 neque
919 737 959 800 ad
982 736 1093 800 fauoni

406 839 476 905 Nec
500 841 589 904 saeui
611 841 728 905 boreae
752 845 808 905 aut
832 841 1024 929 apheliotae‚

406 946 529 1012 Verum
553 949 592 1013 ad
615 947 706 1012 milia
729 947 912 1031 quindecim
935 952 968 1012 et
992 950 1157 1015 ducentos.

370 1052 433 1118 50
457 1057 591 1118 uentum
613 1053 803 1119 horribilem
827 1059 923 1141 atque
945 1057 1166 1142 pestilentem!

698 1341 833 1408 XXVII.

392 1451 556 1532 ³Minister
579 1467 681 1532 uetuli
704 1489 782 1551 puer
804 1467 945 1553 Falerni,

404 1576 502 1660 Inger
525 1575 570 1638 mi
594 1574 709 1639 calices
734 1575 919 1661 amariores,

363 1746 367 1752 ,
403 1681 450 1747 Ut
471 1682 524 1746 lex
546 1681 734 1747 Postumiae
756 1682 848 1747 iubet
871 1683 1048 1769 magistrae

403 1789 505 1855 Ebria
528 1789 621 1855 acina
645 1790 841 1854 ebriosioris.

368 1896 448 1961 she
471 1909 619 1981 uos'quo
643 1896 734 1962 lubet
756 1897 833 1962 hine
857 1897 954 1983 abite,
976 1897 1127 1982 lymphae

402 2003 481 2069 Vini
503 2004 673 2088 pernicies,
695 2008 728 2068 et
751 2005 791 2068 ad
815 2026 946 2069 seueros

405 2109 561 2196 Migrate:
584 2110 638 2175 hic
661 2133 769 2174 merus
792 2115 843 2175 est
866 2110 1085 2195 Thyonianus,

191 2236 404 2245 --...-—--—·

280 2320 384 2376 XXVII
409 2328 432 2377 2.
463 2321 502 2377 ef.
526 2321 622 2390 glossa
649 2319 836 2375 Philoxeni
862 2320 953 2391 ‘inger
972 2321 1134 2390 ricapecor'
1155 2321 1232 2391 apud
1251 2322 1342 2376 Lab-

192 2412 314 2465 baeum
334 2429 361 2479 p.
378 2409 426 2464 93b
445 2411 559 2480 (Haupt.
580 2428 623 2480 op.
638 2409 678 2462 III
693 2413 763 2480 642).

281 2505 358 2554 1-4.
388 2498 522 2553 Gellius
541 2499 580 2553 VI
594 2504 637 2567 20,
653 2504 681 2553 6:
708 2497 845 2553 ‘Catullus
865 2515 975 2567 quoque
995 2497 1222 2567 elegantissimus
1240 2503 1344 2569 poeta·

189 2607 252 2642 rum
270 2588 301 2641 in
318 2587 395 2641 hisce
414 2586 555 2643 uersibus:
579 2586 742 2641 Minister
761 2586 873 2641 netuli
893 2619 926 2627 -
945 2586 1089 2641 Ebriosa
1108 2587 1206 2642 aeine
1225 2588 1345 2644 ebrio-

190 2677 307 2744 siorir,
334 2694 397 2730 cum
422 2676 514 2731 dicere
537 2678 611 2732 ebrio
635 2678 745 2748 [ebriosi
767 2675 813 2730 uel
836 2678 952 2731 bebriost'
975 2677 1068 2747 codo]
1092 2678 1188 2746 posset
1210 2679 1240 2731 et
1264 2680 1344 2746 quod

190 2769 252 2822 erat
270 2764 404 2819 usitatius
423 2767 535 2820 ecloum
553 2765 583 2819 in
601 2768 702 2820 neutro
721 2782 823 2835 genere
842 2765 995 2835 appellare,
1015 2783 1113 2820 amans
1129 2769 1226 2821 tamen
1243 2766 1345 2822 hiatus

190 2855 268 2908 illius
295 2853 437 2908 Homerici
466 2854 638 2908 suauitatem
664 2857 767 2910 ebrium
797 2856 944 2926 [ebriosam
971 2855 1018 2909 uel
1045 2857 1115 2911 hebr.
1144 2856 1237 2928 codd]
1268 2856 1346 2913 dixit

189 2946 305 3014 propter
327 2942 502 3011 insequentis
526 2954 543 2998 'e
566 2943 680 2997 litterae
704 2946 877 2998 concentum.
915 2943 964 3013 qui
987 2946 1092 2999 ebriosa
1116 2946 1213 3016 [ebrios
1231 2945 1279 2999 uel
1297 2948 1343 3002 be-

191 3035 263 3089 bra'os
286 3032 379 3104 codd]
404 3033 499 3085 autem
522 3030 665 3085 Catullum
689 3031 793 3086 dixisse
818 3034 921 3101 putant
945 3035 995 3086 aut
1013 3035 1119 3110 ebrioso
1143 3034 1270 3104 [ebriosos
1293 3033 1343 3088 uel

190 3124 260 3178 bebr.
280 3121 374 3192 codd.]
394 3153 427 3161 -
447 3138 513 3174 nam
531 3120 562 3173 id
580 3137 691 3190 quoque
711 3123 816 3175 temere
833 3121 969 3191 scriptum
987 3121 1131 3176 inuenitur
1150 3154 1183 3162 -
1202 3121 1232 3174 in
1251 3121 1343 3176 libros

191 3211 300 3266 scilicet
315 3211 349 3265 de
365 3210 502 3280 corruptis
517 3210 724 3279 exemplaribus
743 3210 834 3264 factos
853 3209 1033 3265 inciderunt'.
1062 3209 1096 3265 cf.
1117 3209 1344 3280 disputationem

190 3301 275 3372 plane
299 3300 443 3371 egregiam
461 3300 498 3354 M.
517 3299 636 3368 Hauptii
661 3300 692 3353 in
710 3300 767 3355 ind.
788 3299 851 3354 lect.
871 3299 962 3354 Berol.
983 3302 1137 3355 aest.1857
1159 3303 1212 3369 (op.
1227 3298 1343 3370 11123).

282 3480 380 3534 XXVI.
410 3479 547 3534 Adhaeret
561 3480 654 3547 probri
667 3479 699 3533 ire
711 3484 735 3531 V
749 3477 816 3551 (llo
835 3481 944 3550 moreh
964 3477 1009 3531 hd
1023 3477 1138 3532 Furium
1152 3497 1171 3546 g
1189 3496 1291 3550 mar9.;
1309 3481 1345 3534 in

191 3571 338 3625 interstitio
356 3571 409 3639 ΠΗ
429 3575 443 3623 1
464 3572 517 3624 uTa
538 3573 569 3622 0:
588 3570 685 3621 nostra
704 3570 818 3637 (31112
838 3585 887 3622 ora.
909 3565 1071 3636 olfauonij
1092 3570 1144 3636 (1ss
1167 3573 1183 3620 3
1203 3574 1315 3622 seneli
1338 3569 1342 3640 Ι

191 3659 334 3728 apheliote
353 3663 420 3715 VH:
440 3658 589 3729 Apeliotae
609 3659 692 3728 culpo
706 3660 745 3727 114
763 3657 855 3711 millia
871 3662 927 3711 GH
940 3660 949 3727 ΙΙ
964 3661 979 3710 5
998 3655 1162 3726 horribilem
1181 3662 1202 3709 G

279 3748 389 3803 XXVII.
419 3748 557 3803 Adhaeret
576 3748 668 3816 priori
691 3749 722 3801 r're
745 3751 767 3799 V
791 3749 800 3816 (
811 3745 834 3818 fs
851 3751 869 3798 0
888 3748 997 3817 scarp.);
1026 3744 1071 3798 Ad
1093 3745 1226 3814 pincerna
1251 3751 1345 3814 sung

190 3856 276 3908 rnerp.
295 3843 322 3889 H
340 3839 372 3891 ira
390 3839 535 3893 interstitio
558 3840 567 3907 ΙΙ
592 3842 605 3889 1
625 3835 728 3890 falerni
747 3839 786 3904 ⁰l
807 3833 918 3905 neatuli
939 3835 1023 3890 Gellii
1040 3835 1168 3888 Rotteoet.
1191 3835 1200 3904 ll
1223 3840 1239 3886 2
1258 3834 1346 3905 Inger

176 3926 231 3980 ,mi
251 3926 335 3981 Gellii
353 3927 494 3982 Rotteodx
517 3924 640 3995 ingemi
665 3925 749 3979 Gellii
772 3926 858 3979 Vatis.
878 3932 903 3979 et
921 3925 1012 3979 Paris.
1035 3924 1134 3992 ingere
1157 3921 1196 3976 mi
1219 3928 1273 3976 GH
1296 3924 1345 3978 In-

191 4014 298 4085 geremi
317 4020 335 4067 0
359 4018 363 4084 l
389 4015 496 4070 cabiles
515 4015 667 4069 amariores
689 4014 773 4068 Gellii
790 4015 928 4080 Rottered„
947 4015 995 4082 qer'
1012 4015 1056 4067 bic
1074 4013 1174 4067 drach
1196 4014 1205 4082 Η
1227 4017 1243 4066 3
1262 4017 1345 4082 post-

126 4124 130 4131 ·
191 4103 286 4160 humie
306 4109 359 4156 GH
388 4108 391 4174 Ι
416 4104 496 4159 iuuet
517 4105 601 4159 Gellii
624 4105 710 4158 Vetto.
730 4109 756 4157 et
774 4103 866 4158 Paris.
898 4105 907 4172 ll
939 4094 1065 4155 4Ebria
1081 4100 1164 4156 acina
1183 4102 1346 4171 Hauptius:

192 4193 309 4247 Ebriosa
328 4194 409 4248 acino
428 4200 483 4248 VH
506 4193 615 4248 ebriose
640 4210 673 4246 ac
696 4191 726 4245 in
755 4193 850 4259 Vatia,
874 4189 982 4246 ebriose
1006 4207 1107 4245 acme
1131 4191 1221 4245 Paris.
1247 4191 1345 4249 Gellii.

192 4280 312 4334 Ebriosa
331 4281 411 4336 acino
428 4284 572 4339 Geerioos
585 4281 706 4337 Ebriosa
720 4280 802 4335 acina
817 4282 990 4346 Parthenias,
1008 4282 1106 4352 solym
1124 4279 1243 4334 Ebrioso
1258 4281 1349 4340 acino

192 4372 350 4426 Schwabius
376 4374 386 4440 ll
413 4372 581 4426 bhduoso
610 4375 616 4442 j
650 4372 725 4440 quod
743 4370 824 4425 iubet
841 4376 896 4424 VH
914 4369 1004 4439 (lubet
1022 4377 1044 4422 1>
1062 4371 1080 4423 e'.
1100 4372 1204 4440 recep),
1224 4375 1347 4428 cor-reeb

193 4459 240 4515 Al.
258 4445 402 4515 Guer'em
418 4461 422 4533 l
438 4460 544 4530 limpha
563 4471 585 4516 v
598 4467 607 4534 u
623 4472 638 4519 6
656 4459 761 4534 pnities
779 4467 807 4513 Μ
820 4463 829 4531 ΙΙ
845 4466 859 4514 7
878 4458 1042 4514 thionianus
1061 4464 1115 4510 VM
