<?xml version="1.0" encoding="UTF-8"?>
<!DOCTYPE html PUBLIC "-//W3C//DTD XHTML 1.0 Transitional//EN"
    "http://www.w3.org/TR/xhtml1/DTD/xhtml1-transitional.dtd">
<html xmlns="http://www.w3.org/1999/xhtml" xml:lang="en" lang="en">
 <head>
  <title>
</title>
<meta http-equiv="Content-Type" content="text/html;charset=utf-8" />
  <meta name='ocr-system' content='tesseract 3.04.00' />
  <meta name='ocr-capabilities' content='ocr_page ocr_carea ocr_par ocr_line ocrx_word'/>
</head>
<body>
  <div class='ocr_page' id='page_1' title='image "./catulliliber00baehgoog_0067.png"; bbox 0 0 2954 4958; ppageno 0'>
   <div class='ocr_carea' id='block_1_1' title="bbox 159 300 873 358">
    <p class='ocr_par' dir='ltr' id='par_1_1' title="bbox 159 300 873 358">
     <span class='ocr_line' id='line_1_1' title="bbox 159 300 873 358; baseline 0.003 -3"><span class='ocrx_word' id='word_1_1' title='bbox 159 300 208 356; x_wconf 90' lang='lat' dir='ltr'><strong>LX</strong></span> <span class='ocrx_word' id='word_1_2' title='bbox 590 300 873 358; x_wconf 81' lang='lat' dir='ltr'>PROLEGOMENA.</span> 
     </span>
    </p>
   </div>
   <div class='ocr_carea' id='block_1_2' title="bbox 108 464 1308 2483">
    <p class='ocr_par' dir='ltr' id='par_1_2' title="bbox 108 464 1308 2267">
     <span class='ocr_line' id='line_1_2' title="bbox 248 464 1301 553; baseline 0.005 -23"><span class='ocrx_word' id='word_1_3' title='bbox 248 464 312 531; x_wconf 90' lang='lat' dir='ltr'><strong>Hic</strong></span> <span class='ocrx_word' id='word_1_4' title='bbox 322 487 449 550; x_wconf 90' lang='lat' dir='ltr'><strong>quoque</strong></span> <span class='ocrx_word' id='word_1_5' title='bbox 459 466 521 530; x_wconf 90' lang='lat' dir='ltr'><strong>uiri</strong></span> <span class='ocrx_word' id='word_1_6' title='bbox 533 466 620 532; x_wconf 93' lang='lat' dir='ltr'><strong>docti</strong></span> <span class='ocrx_word' id='word_1_7' title='bbox 629 465 715 531; x_wconf 86' lang='lat' dir='ltr'><strong>inter</strong></span> <span class='ocrx_word' id='word_1_8' title='bbox 725 488 759 531; x_wconf 88' lang='lat' dir='ltr'><strong>se</strong></span> <span class='ocrx_word' id='word_1_9' title='bbox 770 466 973 551; x_wconf 89' lang='lat' dir='ltr'><strong>dissentiunt,</strong></span> <span class='ocrx_word' id='word_1_10' title='bbox 984 489 1058 533; x_wconf 91' lang='lat' dir='ltr'><strong>cum</strong></span> <span class='ocrx_word' id='word_1_11' title='bbox 1068 467 1134 553; x_wconf 87' lang='lat' dir='ltr'><strong>alii,</strong></span> <span class='ocrx_word' id='word_1_12' title='bbox 1142 467 1178 532; x_wconf 92' lang='lat' dir='ltr'><strong>in</strong></span> <span class='ocrx_word' id='word_1_13' title='bbox 1188 468 1301 553; x_wconf 89' lang='lat' dir='ltr'><strong>quibus</strong></span> 
     </span>
     <span class='ocr_line' id='line_1_3' title="bbox 162 573 1302 665; baseline 0.004 -27"><span class='ocrx_word' id='word_1_14' title='bbox 162 573 387 659; x_wconf 89' lang='lat' dir='ltr'><strong>Baehrensius,</strong></span> <span class='ocrx_word' id='word_1_15' title='bbox 406 595 517 638; x_wconf 92' lang='lat' dir='ltr'><strong>omnes</strong></span> <span class='ocrx_word' id='word_1_16' title='bbox 536 573 613 638; x_wconf 83' lang='lat' dir='ltr'>libri</span> <span class='ocrx_word' id='word_1_17' title='bbox 631 583 662 640; x_wconf 92' lang='lat' dir='ltr'>G</span> <span class='ocrx_word' id='word_1_18' title='bbox 681 574 857 665; x_wconf 86' lang='lat' dir='ltr'><strong>scripturas</strong></span> <span class='ocrx_word' id='word_1_19' title='bbox 877 573 1020 659; x_wconf 81' lang='lat' dir='ltr'><strong>duplices</strong></span> <span class='ocrx_word' id='word_1_20' title='bbox 1040 599 1060 640; x_wconf 86' lang='lat' dir='ltr'><strong>a</strong></span> <span class='ocrx_word' id='word_1_21' title='bbox 1078 574 1185 640; x_wconf 86' lang='lat' dir='ltr'><strong>scriba</strong></span> <span class='ocrx_word' id='word_1_22' title='bbox 1203 574 1302 660; x_wconf 90' lang='lat' dir='ltr'><strong>ipsius</strong></span> 
     </span>
     <span class='ocr_line' id='line_1_4' title="bbox 159 680 1304 768; baseline 0.002 -23"><span class='ocrx_word' id='word_1_23' title='bbox 159 684 268 745; x_wconf 86' lang='lat' dir='ltr'><strong>textus</strong></span> <span class='ocrx_word' id='word_1_24' title='bbox 298 703 337 745; x_wconf 89' lang='lat' dir='ltr'><strong>ex</strong></span> <span class='ocrx_word' id='word_1_25' title='bbox 364 691 395 746; x_wconf 92' lang='lat' dir='ltr'><strong>V</strong></span> <span class='ocrx_word' id='word_1_26' title='bbox 423 680 635 766; x_wconf 85' lang='lat' dir='ltr'><strong>transcriptas</strong></span> <span class='ocrx_word' id='word_1_27' title='bbox 664 703 733 746; x_wconf 90' lang='lat' dir='ltr'><strong>esse</strong></span> <span class='ocrx_word' id='word_1_28' title='bbox 762 685 893 768; x_wconf 90' lang='lat' dir='ltr'><strong>putent,</strong></span> <span class='ocrx_word' id='word_1_29' title='bbox 924 681 993 767; x_wconf 90' lang='lat' dir='ltr'><strong>alii,</strong></span> <span class='ocrx_word' id='word_1_30' title='bbox 1025 682 1059 747; x_wconf 93' lang='lat' dir='ltr'><strong>id</strong></span> <span class='ocrx_word' id='word_1_31' title='bbox 1086 684 1173 767; x_wconf 90' lang='lat' dir='ltr'><strong>quod</strong></span> <span class='ocrx_word' id='word_1_32' title='bbox 1201 683 1304 749; x_wconf 92' lang='lat' dir='ltr'><strong>multo</strong></span> 
     </span>
     <span class='ocr_line' id='line_1_5' title="bbox 158 787 1305 873; baseline 0.003 -21"><span class='ocrx_word' id='word_1_33' title='bbox 158 787 229 852; x_wconf 88' lang='lat' dir='ltr'><strong>ueri</strong></span> <span class='ocrx_word' id='word_1_34' title='bbox 252 787 389 853; x_wconf 88' lang='lat' dir='ltr'><strong>similius</strong></span> <span class='ocrx_word' id='word_1_35' title='bbox 414 791 472 872; x_wconf 89' lang='lat' dir='ltr'><strong>est,</strong></span> <span class='ocrx_word' id='word_1_36' title='bbox 495 793 623 873; x_wconf 87' lang='lat' dir='ltr'><strong>partem</strong></span> <span class='ocrx_word' id='word_1_37' title='bbox 647 792 733 853; x_wconf 90' lang='lat' dir='ltr'><strong>certe</strong></span> <span class='ocrx_word' id='word_1_38' title='bbox 753 789 918 854; x_wconf 86' lang='lat' dir='ltr'><strong>uariarum</strong></span> <span class='ocrx_word' id='word_1_39' title='bbox 937 788 1113 854; x_wconf 92' lang='lat' dir='ltr'><strong>lectionum</strong></span> <span class='ocrx_word' id='word_1_40' title='bbox 1133 790 1174 855; x_wconf 88' lang='lat' dir='ltr'><strong>ab</strong></span> <span class='ocrx_word' id='word_1_41' title='bbox 1193 791 1305 856; x_wconf 91' lang='lat' dir='ltr'><strong>eodem</strong></span> 
     </span>
     <span class='ocr_line' id='line_1_6' title="bbox 158 893 1306 984; baseline 0.004 -26"><span class='ocrx_word' id='word_1_42' title='bbox 158 894 293 959; x_wconf 90' lang='lat' dir='ltr'><strong>librario</strong></span> <span class='ocrx_word' id='word_1_43' title='bbox 317 895 371 979; x_wconf 94' lang='lat' dir='ltr'><strong>qui</strong></span> <span class='ocrx_word' id='word_1_44' title='bbox 403 895 619 961; x_wconf 74' lang='lat' dir='ltr'><strong>correctiones</strong></span> <span class='ocrx_word' id='word_1_45' title='bbox 646 895 723 960; x_wconf 84' lang='lat' dir='ltr'><strong>libri</strong></span> <span class='ocrx_word' id='word_1_46' title='bbox 750 907 781 962; x_wconf 98' lang='lat' dir='ltr'>G</span> <span class='ocrx_word' id='word_1_47' title='bbox 809 896 887 962; x_wconf 89' lang='lat' dir='ltr'><strong>fecit</strong></span> <span class='ocrx_word' id='word_1_48' title='bbox 910 893 960 984; x_wconf 80' lang='lat' dir='ltr'><strong>(g)</strong></span> <span class='ocrx_word' id='word_1_49' title='bbox 988 919 1028 961; x_wconf 89' lang='lat' dir='ltr'><strong>ex</strong></span> <span class='ocrx_word' id='word_1_50' title='bbox 1054 898 1168 963; x_wconf 89' lang='lat' dir='ltr'><strong>eodem</strong></span> <span class='ocrx_word' id='word_1_51' title='bbox 1196 897 1306 963; x_wconf 88' lang='lat' dir='ltr'><strong>codice</strong></span> 
     </span>
     <span class='ocr_line' id='line_1_7' title="bbox 108 1002 1307 1090; baseline 0 -21"><span class='ocrx_word' id='word_1_52' title='bbox 108 1064 111 1069; x_wconf 81' lang='lat'><strong>.</strong></span> <span class='ocrx_word' id='word_1_53' title='bbox 159 1002 354 1086; x_wconf 88' lang='lat' dir='ltr'><strong>descriptam</strong></span> <span class='ocrx_word' id='word_1_54' title='bbox 390 1025 460 1068; x_wconf 90' lang='lat' dir='ltr'><strong>esse</strong></span> <span class='ocrx_word' id='word_1_55' title='bbox 498 1002 703 1068; x_wconf 89' lang='lat' dir='ltr'><strong>contendant.</strong></span> <span class='ocrx_word' id='word_1_56' title='bbox 764 1004 819 1068; x_wconf 90' lang='lat' dir='ltr'><strong>sed</strong></span> <span class='ocrx_word' id='word_1_57' title='bbox 859 1008 934 1069; x_wconf 91' lang='lat' dir='ltr'><strong>utut</strong></span> <span class='ocrx_word' id='word_1_58' title='bbox 971 1009 1035 1090; x_wconf 92' lang='lat' dir='ltr'><strong>est,</strong></span> <span class='ocrx_word' id='word_1_59' title='bbox 1072 1004 1135 1070; x_wconf 92' lang='lat' dir='ltr'><strong>hoc</strong></span> <span class='ocrx_word' id='word_1_60' title='bbox 1168 1009 1307 1090; x_wconf 86' lang='lat' dir='ltr'><strong>constat,</strong></span> 
     </span>
     <span class='ocr_line' id='line_1_8' title="bbox 159 1109 1308 1196; baseline 0.003 -23"><span class='ocrx_word' id='word_1_61' title='bbox 159 1109 303 1194; x_wconf 85' lang='lat' dir='ltr'><strong>duplices</strong></span> <span class='ocrx_word' id='word_1_62' title='bbox 334 1109 409 1175; x_wconf 85' lang='lat' dir='ltr'><strong>illas</strong></span> <span class='ocrx_word' id='word_1_63' title='bbox 443 1110 620 1195; x_wconf 85' lang='lat' dir='ltr'><strong>scripturas</strong></span> <span class='ocrx_word' id='word_1_64' title='bbox 651 1132 718 1175; x_wconf 93' lang='lat' dir='ltr'><strong>non</strong></span> <span class='ocrx_word' id='word_1_65' title='bbox 750 1133 789 1175; x_wconf 89' lang='lat' dir='ltr'><strong>ex</strong></span> <span class='ocrx_word' id='word_1_66' title='bbox 823 1122 866 1196; x_wconf 89' lang='lat' dir='ltr'><strong>G,</strong></span> <span class='ocrx_word' id='word_1_67' title='bbox 899 1112 953 1177; x_wconf 90' lang='lat' dir='ltr'><strong>sed</strong></span> <span class='ocrx_word' id='word_1_68' title='bbox 987 1133 1025 1176; x_wconf 90' lang='lat' dir='ltr'><strong>ex</strong></span> <span class='ocrx_word' id='word_1_69' title='bbox 1058 1111 1122 1176; x_wconf 87' lang='lat' dir='ltr'><strong>alio</strong></span> <span class='ocrx_word' id='word_1_70' title='bbox 1154 1111 1241 1176; x_wconf 89' lang='lat' dir='ltr'><strong>libro</strong></span> <span class='ocrx_word' id='word_1_71' title='bbox 1274 1111 1308 1176; x_wconf 91' lang='lat' dir='ltr'><strong>in</strong></span> 
     </span>
     <span class='ocr_line' id='line_1_9' title="bbox 161 1216 1307 1305; baseline 0.003 -24"><span class='ocrx_word' id='word_1_72' title='bbox 161 1220 285 1282; x_wconf 90' lang='lat' dir='ltr'><strong>ceteros</strong></span> <span class='ocrx_word' id='word_1_73' title='bbox 323 1217 449 1282; x_wconf 90' lang='lat' dir='ltr'><strong>codices</strong></span> <span class='ocrx_word' id='word_1_74' title='bbox 486 1216 626 1282; x_wconf 88' lang='lat' dir='ltr'><strong>fluxisse.</strong></span> <span class='ocrx_word' id='word_1_75' title='bbox 685 1239 762 1283; x_wconf 88' lang='lat' dir='ltr'><strong>nam</strong></span> <span class='ocrx_word' id='word_1_76' title='bbox 794 1241 868 1283; x_wconf 90' lang='lat' dir='ltr'><strong>cunr</strong></span> <span class='ocrx_word' id='word_1_77' title='bbox 900 1229 931 1284; x_wconf 98' lang='lat' dir='ltr'>G</span> <span class='ocrx_word' id='word_1_78' title='bbox 968 1219 1136 1305; x_wconf 77' lang='lat' dir='ltr'><strong>octogiuta</strong></span> <span class='ocrx_word' id='word_1_79' title='bbox 1173 1219 1307 1284; x_wconf 93' lang='lat' dir='ltr'><strong>omnino</strong></span> 
     </span>
     <span class='ocr_line' id='line_1_10' title="bbox 159 1324 1307 1410; baseline 0.002 -22"><span class='ocrx_word' id='word_1_80' title='bbox 159 1325 315 1409; x_wconf 88' lang='lat' dir='ltr'><strong>praebeat</strong></span> <span class='ocrx_word' id='word_1_81' title='bbox 338 1329 436 1409; x_wconf 89' lang='lat' dir='ltr'><strong>atque</strong></span> <span class='ocrx_word' id='word_1_82' title='bbox 458 1324 533 1390; x_wconf 93' lang='lat' dir='ltr'><strong>inde</strong></span> <span class='ocrx_word' id='word_1_83' title='bbox 557 1325 597 1390; x_wconf 86' lang='lat' dir='ltr'><strong>ab</strong></span> <span class='ocrx_word' id='word_1_84' title='bbox 627 1348 652 1390; x_wconf 95' lang='lat' dir='ltr'><strong>c.</strong></span> <span class='ocrx_word' id='word_1_85' title='bbox 671 1324 796 1390; x_wconf 88' lang='lat' dir='ltr'>LXVII</span> <span class='ocrx_word' id='word_1_86' title='bbox 819 1325 935 1410; x_wconf 89' lang='lat' dir='ltr'><strong>nullas,</strong></span> <span class='ocrx_word' id='word_1_87' title='bbox 960 1335 996 1392; x_wconf 82' lang='grc' dir='ltr'>Μ</span> <span class='ocrx_word' id='word_1_88' title='bbox 1021 1325 1085 1392; x_wconf 84' lang='lat'><strong>155</strong></span> <span class='ocrx_word' id='word_1_89' title='bbox 1111 1348 1170 1410; x_wconf 91' lang='lat' dir='ltr'><strong>per</strong></span> <span class='ocrx_word' id='word_1_90' title='bbox 1198 1330 1307 1390; x_wconf 89' lang='lat' dir='ltr'><strong>totum</strong></span> 
     </span>
     <span class='ocr_line' id='line_1_11' title="bbox 159 1429 1308 1517; baseline 0.002 -22"><span class='ocrx_word' id='word_1_91' title='bbox 159 1430 279 1495; x_wconf 91' lang='lat' dir='ltr'><strong>librum</strong></span> <span class='ocrx_word' id='word_1_92' title='bbox 308 1429 527 1496; x_wconf 80' lang='lat' dir='ltr'><strong>Catullianum</strong></span> <span class='ocrx_word' id='word_1_93' title='bbox 555 1433 733 1517; x_wconf 84' lang='lat' dir='ltr'><strong>aequaliter</strong></span> <span class='ocrx_word' id='word_1_94' title='bbox 761 1432 951 1497; x_wconf 91' lang='lat' dir='ltr'><strong>distributas</strong></span> <span class='ocrx_word' id='word_1_95' title='bbox 983 1432 1097 1517; x_wconf 82' lang='lat' dir='ltr'><strong>habet3</strong></span> <span class='ocrx_word' id='word_1_96' title='bbox 1125 1433 1181 1497; x_wconf 93' lang='lat' dir='ltr'><strong>sed</strong></span> <span class='ocrx_word' id='word_1_97' title='bbox 1209 1455 1250 1499; x_wconf 92' lang='lat' dir='ltr'><strong>ne</strong></span> <span class='ocrx_word' id='word_1_98' title='bbox 1273 1442 1308 1497; x_wconf 82' lang='grc' dir='ltr'>Μ</span> 
     </span>
     <span class='ocr_line' id='line_1_12' title="bbox 161 1535 1307 1626; baseline 0.003 -24"><span class='ocrx_word' id='word_1_99' title='bbox 161 1538 291 1622; x_wconf 90' lang='lat' dir='ltr'><strong>quidem</strong></span> <span class='ocrx_word' id='word_1_100' title='bbox 316 1560 426 1603; x_wconf 90' lang='lat' dir='ltr'><strong>omnes</strong></span> <span class='ocrx_word' id='word_1_101' title='bbox 450 1538 595 1624; x_wconf 89' lang='lat' dir='ltr'><strong>exhibet,</strong></span> <span class='ocrx_word' id='word_1_102' title='bbox 620 1562 693 1603; x_wconf 90' lang='lat' dir='ltr'><strong>cum</strong></span> <span class='ocrx_word' id='word_1_103' title='bbox 722 1535 783 1626; x_wconf 79' lang='lat'><strong>01)</strong></span> <span class='ocrx_word' id='word_1_104' title='bbox 812 1543 845 1603; x_wconf 90' lang='lat' dir='ltr'><strong>et</strong></span> <span class='ocrx_word' id='word_1_105' title='bbox 868 1548 895 1604; x_wconf 85' lang='lat' dir='ltr'>L</span> <span class='ocrx_word' id='word_1_106' title='bbox 923 1561 998 1603; x_wconf 89' lang='lat' dir='ltr'><strong>suas</strong></span> <span class='ocrx_word' id='word_1_107' title='bbox 1026 1539 1170 1605; x_wconf 83' lang='lat' dir='ltr'><strong>habeant</strong></span> <span class='ocrx_word' id='word_1_108' title='bbox 1198 1540 1307 1605; x_wconf 85' lang='lat' dir='ltr'><strong>uarias</strong></span> 
     </span>
     <span class='ocr_line' id='line_1_13' title="bbox 158 1644 1307 1733; baseline 0.003 -24"><span class='ocrx_word' id='word_1_109' title='bbox 158 1645 313 1710; x_wconf 89' lang='lat' dir='ltr'><strong>lectiones</strong></span> <span class='ocrx_word' id='word_1_110' title='bbox 348 1644 389 1732; x_wconf 83' lang='lat' dir='ltr'><strong>(L</strong></span> <span class='ocrx_word' id='word_1_111' title='bbox 416 1645 526 1710; x_wconf 87' lang='lat' dir='ltr'>LXIII</span> <span class='ocrx_word' id='word_1_112' title='bbox 548 1647 603 1731; x_wconf 77' lang='lat'><strong>663</strong></span> <span class='ocrx_word' id='word_1_113' title='bbox 634 1645 776 1711; x_wconf 88' lang='lat' dir='ltr'>LXXIII</span> <span class='ocrx_word' id='word_1_114' title='bbox 795 1648 830 1730; x_wconf 79' lang='lat'><strong>43</strong></span> <span class='ocrx_word' id='word_1_115' title='bbox 862 1644 1080 1711; x_wconf 90' lang='lat' dir='ltr'>LXXXXVII</span> <span class='ocrx_word' id='word_1_116' title='bbox 1101 1648 1136 1733; x_wconf 83' lang='lat'><strong>33</strong></span> <span class='ocrx_word' id='word_1_117' title='bbox 1168 1644 1307 1733; x_wconf 80' lang='lat' dir='ltr'>0V11).</span> 
     </span>
     <span class='ocr_line' id='line_1_14' title="bbox 160 1752 1308 1839; baseline 0.003 -23"><span class='ocrx_word' id='word_1_118' title='bbox 160 1753 276 1837; x_wconf 91' lang='lat' dir='ltr'><strong>quodsi</strong></span> <span class='ocrx_word' id='word_1_119' title='bbox 304 1774 415 1818; x_wconf 89' lang='lat' dir='ltr'><strong>omnes</strong></span> <span class='ocrx_word' id='word_1_120' title='bbox 443 1769 463 1821; x_wconf 81' lang='grc' dir='ltr'><strong><em>ς</em></strong></span> <span class='ocrx_word' id='word_1_121' title='bbox 490 1775 529 1817; x_wconf 85' lang='lat' dir='ltr'><strong>ex</strong></span> <span class='ocrx_word' id='word_1_122' title='bbox 557 1763 588 1819; x_wconf 95' lang='lat' dir='ltr'>G</span> <span class='ocrx_word' id='word_1_123' title='bbox 614 1752 768 1839; x_wconf 83' lang='lat' dir='ltr'><strong>descripti</strong></span> <span class='ocrx_word' id='word_1_124' title='bbox 799 1758 919 1837; x_wconf 83' lang='lat' dir='ltr'><strong>essent,</strong></span> <span class='ocrx_word' id='word_1_125' title='bbox 950 1755 1135 1838; x_wconf 90' lang='lat' dir='ltr'><strong>ponendum</strong></span> <span class='ocrx_word' id='word_1_126' title='bbox 1162 1757 1214 1818; x_wconf 89' lang='lat' dir='ltr'><strong>est</strong></span> <span class='ocrx_word' id='word_1_127' title='bbox 1245 1754 1308 1819; x_wconf 92' lang='lat' dir='ltr'><strong>sin-</strong></span> 
     </span>
     <span class='ocr_line' id='line_1_15' title="bbox 159 1859 1308 1946; baseline 0.002 -22"><span class='ocrx_word' id='word_1_128' title='bbox 159 1859 287 1946; x_wconf 76' lang='lat' dir='ltr'><strong>gidares</strong></span> <span class='ocrx_word' id='word_1_129' title='bbox 319 1859 465 1925; x_wconf 92' lang='lat' dir='ltr'><strong>codicum</strong></span> <span class='ocrx_word' id='word_1_130' title='bbox 493 1871 534 1945; x_wconf 94' lang='lat'><strong>0,</strong></span> <span class='ocrx_word' id='word_1_131' title='bbox 562 1869 610 1946; x_wconf 83' lang='lat' dir='ltr'><strong>M,</strong></span> <span class='ocrx_word' id='word_1_132' title='bbox 633 1871 673 1946; x_wconf 88' lang='lat' dir='ltr'><strong>B,</strong></span> <span class='ocrx_word' id='word_1_133' title='bbox 696 1871 737 1946; x_wconf 85' lang='lat' dir='ltr'><strong>L,</strong></span> <span class='ocrx_word' id='word_1_134' title='bbox 764 1860 902 1925; x_wconf 86' lang='lat' dir='ltr'><strong>aliorum</strong></span> <span class='ocrx_word' id='word_1_135' title='bbox 930 1860 1073 1946; x_wconf 86' lang='lat' dir='ltr'><strong>duplices</strong></span> <span class='ocrx_word' id='word_1_136' title='bbox 1101 1860 1259 1926; x_wconf 89' lang='lat' dir='ltr'><strong>lectiones</strong></span> <span class='ocrx_word' id='word_1_137' title='bbox 1288 1884 1308 1926; x_wconf 88' lang='lat' dir='ltr'><strong>a</strong></span> 
     </span>
     <span class='ocr_line' id='line_1_16' title="bbox 160 1967 1308 2054; baseline 0.001 -22"><span class='ocrx_word' id='word_1_138' title='bbox 160 1967 275 2032; x_wconf 90' lang='lat' dir='ltr'><strong>scribis</strong></span> <span class='ocrx_word' id='word_1_139' title='bbox 307 1968 426 2032; x_wconf 92' lang='lat' dir='ltr'><strong>horum</strong></span> <span class='ocrx_word' id='word_1_140' title='bbox 454 1967 614 2032; x_wconf 88' lang='lat' dir='ltr'><strong>librorum</strong></span> <span class='ocrx_word' id='word_1_141' title='bbox 641 1969 734 2033; x_wconf 89' lang='lat' dir='ltr'><strong>fictas</strong></span> <span class='ocrx_word' id='word_1_142' title='bbox 762 1990 846 2053; x_wconf 82' lang='lat' dir='ltr'><strong>esse3</strong></span> <span class='ocrx_word' id='word_1_143' title='bbox 876 1967 910 2032; x_wconf 91' lang='lat' dir='ltr'><strong>id</strong></span> <span class='ocrx_word' id='word_1_144' title='bbox 941 1969 1028 2052; x_wconf 90' lang='lat' dir='ltr'><strong>quod</strong></span> <span class='ocrx_word' id='word_1_145' title='bbox 1054 1968 1107 2032; x_wconf 90' lang='lat' dir='ltr'><strong>uel</strong></span> <span class='ocrx_word' id='word_1_146' title='bbox 1133 1973 1308 2054; x_wconf 86' lang='lat' dir='ltr'><strong>propterea</strong></span> 
     </span>
     <span class='ocr_line' id='line_1_17' title="bbox 158 2074 1308 2161; baseline 0.001 -22"><span class='ocrx_word' id='word_1_147' title='bbox 158 2074 229 2139; x_wconf 90' lang='lat' dir='ltr'><strong>fieri</strong></span> <span class='ocrx_word' id='word_1_148' title='bbox 251 2097 319 2139; x_wconf 94' lang='lat' dir='ltr'><strong>non</strong></span> <span class='ocrx_word' id='word_1_149' title='bbox 340 2079 460 2161; x_wconf 92' lang='lat' dir='ltr'><strong>potest,</strong></span> <span class='ocrx_word' id='word_1_150' title='bbox 483 2076 570 2160; x_wconf 91' lang='lat' dir='ltr'><strong>quod</strong></span> <span class='ocrx_word' id='word_1_151' title='bbox 593 2075 715 2141; x_wconf 90' lang='lat' dir='ltr'><strong>multae</strong></span> <span class='ocrx_word' id='word_1_152' title='bbox 734 2097 844 2141; x_wconf 87' lang='lat' dir='ltr'><strong>earum</strong></span> <span class='ocrx_word' id='word_1_153' title='bbox 861 2075 897 2141; x_wconf 93' lang='lat' dir='ltr'><strong>in</strong></span> <span class='ocrx_word' id='word_1_154' title='bbox 919 2078 1012 2141; x_wconf 90' lang='lat' dir='ltr'><strong>textu</strong></span> <span class='ocrx_word' id='word_1_155' title='bbox 1031 2074 1169 2142; x_wconf 80' lang='lat' dir='ltr'><strong>afiorum</strong></span> <span class='ocrx_word' id='word_1_156' title='bbox 1193 2078 1308 2141; x_wconf 83' lang='lat' dir='ltr'><strong>extant</strong></span> 
     </span>
     <span class='ocr_line' id='line_1_18' title="bbox 160 2182 1243 2267; baseline 0 -19"><span class='ocrx_word' id='word_1_157' title='bbox 160 2182 315 2267; x_wconf 91' lang='lat' dir='ltr'><strong>codicum,</strong></span> <span class='ocrx_word' id='word_1_158' title='bbox 339 2182 431 2248; x_wconf 91' lang='lat' dir='ltr'><strong>uelut</strong></span> <span class='ocrx_word' id='word_1_159' title='bbox 1240 2196 1243 2201; x_wconf 83' lang='lat'>&#39;</span> 
     </span>
    </p>

    <p class='ocr_par' dir='ltr' id='par_1_3' title="bbox 249 2288 1306 2483">
     <span class='ocr_line' id='line_1_19' title="bbox 292 2288 1125 2374; baseline 0 -20"><span class='ocrx_word' id='word_1_160' title='bbox 292 2288 424 2355; x_wconf 84' lang='lat' dir='ltr'>XXX9</span> <span class='ocrx_word' id='word_1_161' title='bbox 447 2291 519 2356; x_wconf 77' lang='lat' dir='ltr'><strong>iude</strong></span> <span class='ocrx_word' id='word_1_162' title='bbox 541 2290 572 2354; x_wconf 88' lang='lat' dir='ltr'><strong>al</strong></span> <span class='ocrx_word' id='word_1_163' title='bbox 595 2290 675 2355; x_wconf 80' lang='lat' dir='ltr'><strong>idem</strong></span> <span class='ocrx_word' id='word_1_164' title='bbox 697 2299 737 2354; x_wconf 88' lang='lat' dir='ltr'><strong>B:</strong></span> <span class='ocrx_word' id='word_1_165' title='bbox 759 2291 831 2356; x_wconf 79' lang='lat' dir='ltr'><strong>iude</strong></span> <span class='ocrx_word' id='word_1_166' title='bbox 853 2299 963 2374; x_wconf 84' lang='lat' dir='ltr'><strong>GDL,</strong></span> <span class='ocrx_word' id='word_1_167' title='bbox 985 2291 1067 2355; x_wconf 78' lang='lat' dir='ltr'><strong>idem</strong></span> <span class='ocrx_word' id='word_1_168' title='bbox 1090 2299 1125 2355; x_wconf 90' lang='lat'><strong>0.</strong></span> 
     </span>
     <span class='ocr_line' id='line_1_20' title="bbox 249 2395 1306 2483; baseline -0.001 -21"><span class='ocrx_word' id='word_1_169' title='bbox 249 2395 337 2465; x_wconf 88' lang='lat' dir='ltr'><strong>Nam</strong></span> <span class='ocrx_word' id='word_1_170' title='bbox 361 2399 389 2462; x_wconf 88' lang='lat' dir='ltr'><strong>si</strong></span> <span class='ocrx_word' id='word_1_171' title='bbox 416 2397 452 2462; x_wconf 92' lang='lat' dir='ltr'><strong>in</strong></span> <span class='ocrx_word' id='word_1_172' title='bbox 478 2408 505 2463; x_wconf 88' lang='grc' dir='ltr'>Β</span> <span class='ocrx_word' id='word_1_173' title='bbox 533 2398 605 2464; x_wconf 81' lang='lat' dir='ltr'><strong>iude</strong></span> <span class='ocrx_word' id='word_1_174' title='bbox 632 2398 664 2462; x_wconf 89' lang='lat' dir='ltr'><strong>al</strong></span> <span class='ocrx_word' id='word_1_175' title='bbox 685 2399 780 2483; x_wconf 85' lang='lat' dir='ltr'><strong>idem,</strong></span> <span class='ocrx_word' id='word_1_176' title='bbox 808 2396 842 2461; x_wconf 92' lang='lat' dir='ltr'><strong>in</strong></span> <span class='ocrx_word' id='word_1_177' title='bbox 870 2407 969 2463; x_wconf 83' lang='lat' dir='ltr'><strong>GDL</strong></span> <span class='ocrx_word' id='word_1_178' title='bbox 996 2399 1080 2480; x_wconf 80' lang='lat' dir='ltr'><strong>iude,</strong></span> <span class='ocrx_word' id='word_1_179' title='bbox 1107 2395 1142 2461; x_wconf 91' lang='lat' dir='ltr'><strong>in</strong></span> <span class='ocrx_word' id='word_1_180' title='bbox 1169 2405 1198 2461; x_wconf 90' lang='lat'>0</span> <span class='ocrx_word' id='word_1_181' title='bbox 1226 2399 1306 2462; x_wconf 72' lang='lat' dir='ltr'><strong>rilem</strong></span> 
     </span>
    </p>
   </div>
   <div class='ocr_carea' id='block_1_3' title="bbox 158 2502 1307 3234">
    <p class='ocr_par' dir='ltr' id='par_1_4' title="bbox 158 2502 1307 3234">
     <span class='ocr_line' id='line_1_21' title="bbox 158 2502 1307 2592; baseline 0 -24"><span class='ocrx_word' id='word_1_182' title='bbox 158 2505 288 2592; x_wconf 82' lang='lat' dir='ltr'><strong>legitur,</strong></span> <span class='ocrx_word' id='word_1_183' title='bbox 312 2505 384 2590; x_wconf 91' lang='lat' dir='ltr'><strong>quis</strong></span> <span class='ocrx_word' id='word_1_184' title='bbox 408 2504 549 2590; x_wconf 90' lang='lat' dir='ltr'><strong>dubitet,</strong></span> <span class='ocrx_word' id='word_1_185' title='bbox 573 2504 652 2589; x_wconf 92' lang='lat' dir='ltr'><strong>quin</strong></span> <span class='ocrx_word' id='word_1_186' title='bbox 675 2503 709 2569; x_wconf 91' lang='lat' dir='ltr'><strong>in</strong></span> <span class='ocrx_word' id='word_1_187' title='bbox 733 2505 897 2570; x_wconf 91' lang='lat' dir='ltr'><strong>communi</strong></span> <span class='ocrx_word' id='word_1_188' title='bbox 920 2504 1107 2589; x_wconf 86' lang='lat' dir='ltr'><strong>archetyp0,</strong></span> <span class='ocrx_word' id='word_1_189' title='bbox 1134 2502 1245 2570; x_wconf 91' lang='lat' dir='ltr'><strong>codiee</strong></span> <span class='ocrx_word' id='word_1_190' title='bbox 1268 2513 1307 2588; x_wconf 91' lang='lat' dir='ltr'><strong>V,</strong></span> 
     </span>
     <span class='ocr_line' id='line_1_22' title="bbox 159 2611 1305 2698; baseline 0 -21"><span class='ocrx_word' id='word_1_191' title='bbox 159 2614 277 2698; x_wconf 89' lang='lat' dir='ltr'><strong>duplex</strong></span> <span class='ocrx_word' id='word_1_192' title='bbox 303 2614 360 2677; x_wconf 89' lang='lat' dir='ltr'><strong>illa</strong></span> <span class='ocrx_word' id='word_1_193' title='bbox 387 2613 547 2698; x_wconf 86' lang='lat' dir='ltr'><strong>scriptura</strong></span> <span class='ocrx_word' id='word_1_194' title='bbox 569 2612 691 2676; x_wconf 81' lang='lat' dir='ltr'><strong>fuerit?</strong></span> <span class='ocrx_word' id='word_1_195' title='bbox 733 2611 889 2697; x_wconf 72' lang='lat' dir='ltr'><strong>conferas,</strong></span> <span class='ocrx_word' id='word_1_196' title='bbox 916 2632 1046 2695; x_wconf 81' lang='lat' dir='ltr'><strong>quaeso,</strong></span> <span class='ocrx_word' id='word_1_197' title='bbox 1072 2611 1173 2676; x_wconf 90' lang='lat' dir='ltr'><strong>etiam</strong></span> <span class='ocrx_word' id='word_1_198' title='bbox 1200 2621 1236 2676; x_wconf 82' lang='grc' dir='ltr'>Μ</span> <span class='ocrx_word' id='word_1_199' title='bbox 1254 2611 1305 2677; x_wconf 86' lang='grc'><strong>18</strong></span> 
     </span>
     <span class='ocr_line' id='line_1_23' title="bbox 160 2717 1307 2804; baseline 0 -20"><span class='ocrx_word' id='word_1_200' title='bbox 160 2721 254 2786; x_wconf 82' lang='lat' dir='ltr'><strong>libelli</strong></span> <span class='ocrx_word' id='word_1_201' title='bbox 277 2721 357 2785; x_wconf 83' lang='lat' dir='ltr'><strong>im.</strong></span> <span class='ocrx_word' id='word_1_202' title='bbox 385 2724 419 2784; x_wconf 90' lang='lat' dir='ltr'><strong>at</strong></span> <span class='ocrx_word' id='word_1_203' title='bbox 444 2722 505 2784; x_wconf 85' lang='lat' dir='ltr'><strong>mei</strong></span> <span class='ocrx_word' id='word_1_204' title='bbox 530 2743 602 2784; x_wconf 90' lang='lat' dir='ltr'><strong>cum</strong></span> <span class='ocrx_word' id='word_1_205' title='bbox 632 2719 792 2804; x_wconf 89' lang='lat' dir='ltr'><strong>scriptura</strong></span> <span class='ocrx_word' id='word_1_206' title='bbox 824 2717 901 2782; x_wconf 86' lang='lat' dir='ltr'><strong>libri</strong></span> <span class='ocrx_word' id='word_1_207' title='bbox 928 2727 956 2783; x_wconf 91' lang='lat'>0</span> <span class='ocrx_word' id='word_1_208' title='bbox 984 2719 1078 2784; x_wconf 78' lang='lat' dir='ltr'><strong>libelli</strong></span> <span class='ocrx_word' id='word_1_209' title='bbox 1109 2721 1143 2783; x_wconf 91' lang='lat' dir='ltr'><strong>et</strong></span> <span class='ocrx_word' id='word_1_210' title='bbox 1169 2717 1248 2784; x_wconf 85' lang='lat' dir='ltr'><strong>libri</strong></span> <span class='ocrx_word' id='word_1_211' title='bbox 1276 2730 1307 2784; x_wconf 91' lang='lat' dir='ltr'>G</span> 
     </span>
     <span class='ocr_line' id='line_1_24' title="bbox 160 2821 1305 2914; baseline -0.002 -22"><span class='ocrx_word' id='word_1_212' title='bbox 160 2828 232 2914; x_wconf 55' lang='lat' dir='ltr'><strong>mer}</strong></span> <span class='ocrx_word' id='word_1_213' title='bbox 249 2828 350 2892; x_wconf 80' lang='lat' dir='ltr'><strong>Vllb</strong></span> <span class='ocrx_word' id='word_1_214' title='bbox 369 2827 449 2892; x_wconf 81' lang='lat' dir='ltr'><strong>beuti</strong></span> <span class='ocrx_word' id='word_1_215' title='bbox 467 2828 498 2891; x_wconf 89' lang='lat' dir='ltr'><strong>al</strong></span> <span class='ocrx_word' id='word_1_216' title='bbox 517 2827 601 2892; x_wconf 81' lang='lat' dir='ltr'><strong>beari</strong></span> <span class='ocrx_word' id='word_1_217' title='bbox 617 2836 653 2891; x_wconf 82' lang='grc' dir='ltr'>Μ</span> <span class='ocrx_word' id='word_1_218' title='bbox 667 2857 709 2879; x_wconf 96' lang='lat'>=</span> <span class='ocrx_word' id='word_1_219' title='bbox 723 2827 803 2892; x_wconf 79' lang='lat' dir='ltr'><strong>beati</strong></span> <span class='ocrx_word' id='word_1_220' title='bbox 816 2836 844 2892; x_wconf 91' lang='lat'>0</span> <span class='ocrx_word' id='word_1_221' title='bbox 876 2827 961 2891; x_wconf 81' lang='lat' dir='ltr'><strong>beari</strong></span> <span class='ocrx_word' id='word_1_222' title='bbox 983 2836 1026 2908; x_wconf 72' lang='lat' dir='ltr'><strong>G,</strong></span> <span class='ocrx_word' id='word_1_223' title='bbox 1050 2825 1115 2890; x_wconf 87' lang='lat' dir='ltr'><strong>alia</strong></span> <span class='ocrx_word' id='word_1_224' title='bbox 1133 2821 1178 2913; x_wconf 90' lang='lat' dir='ltr'><strong>(u.</strong></span> <span class='ocrx_word' id='word_1_225' title='bbox 1193 2825 1305 2891; x_wconf 89' lang='lat' dir='ltr'><strong>Herm.</strong></span> 
     </span>
     <span class='ocr_line' id='line_1_25' title="bbox 160 2931 1305 3020; baseline -0.002 -20"><span class='ocrx_word' id='word_1_226' title='bbox 160 2940 238 3000; x_wconf 93' lang='lat' dir='ltr'><strong>tom.</strong></span> <span class='ocrx_word' id='word_1_227' title='bbox 257 2934 371 2999; x_wconf 90' lang='lat' dir='ltr'>XXIII</span> <span class='ocrx_word' id='word_1_228' title='bbox 389 2959 420 3020; x_wconf 93' lang='lat' dir='ltr'><strong>p.</strong></span> <span class='ocrx_word' id='word_1_229' title='bbox 435 2931 530 3020; x_wconf 83' lang='lat'>584);</span> <span class='ocrx_word' id='word_1_230' title='bbox 552 2934 587 2998; x_wconf 90' lang='lat' dir='ltr'><strong>in</strong></span> <span class='ocrx_word' id='word_1_231' title='bbox 610 2933 727 3018; x_wconf 92' lang='lat' dir='ltr'><strong>quibus</strong></span> <span class='ocrx_word' id='word_1_232' title='bbox 751 2933 827 2998; x_wconf 90' lang='lat' dir='ltr'><strong>libri</strong></span> <span class='ocrx_word' id='word_1_233' title='bbox 846 2944 881 2999; x_wconf 83' lang='grc' dir='ltr'><strong>Μ</strong></span> <span class='ocrx_word' id='word_1_234' title='bbox 903 2932 1098 2998; x_wconf 90' lang='lat' dir='ltr'><strong>lectionibus</strong></span> <span class='ocrx_word' id='word_1_235' title='bbox 1122 2934 1305 3020; x_wconf 86' lang='lat' dir='ltr'><strong>complures</strong></span> 
     </span>
     <span class='ocr_line' id='line_1_26' title="bbox 160 3039 1305 3127; baseline 0 -21"><span class='ocrx_word' id='word_1_236' title='bbox 160 3047 250 3127; x_wconf 90' lang='lat' dir='ltr'><strong>sunt,</strong></span> <span class='ocrx_word' id='word_1_237' title='bbox 278 3065 358 3127; x_wconf 86' lang='lat' dir='ltr'><strong>quae</strong></span> <span class='ocrx_word' id='word_1_238' title='bbox 386 3047 554 3127; x_wconf 88' lang='lat' dir='ltr'><strong>praeterea</strong></span> <span class='ocrx_word' id='word_1_239' title='bbox 580 3042 615 3105; x_wconf 91' lang='lat' dir='ltr'><strong>in</strong></span> <span class='ocrx_word' id='word_1_240' title='bbox 643 3042 712 3106; x_wconf 91' lang='lat' dir='ltr'><strong>solo</strong></span> <span class='ocrx_word' id='word_1_241' title='bbox 741 3052 768 3105; x_wconf 95' lang='lat'>0</span> <span class='ocrx_word' id='word_1_242' title='bbox 792 3040 845 3105; x_wconf 90' lang='lat' dir='ltr'><strong>uel</strong></span> <span class='ocrx_word' id='word_1_243' title='bbox 868 3050 899 3105; x_wconf 98' lang='lat' dir='ltr'>G</span> <span class='ocrx_word' id='word_1_244' title='bbox 925 3041 1099 3126; x_wconf 89' lang='lat' dir='ltr'><strong>habentur,</strong></span> <span class='ocrx_word' id='word_1_245' title='bbox 1126 3044 1165 3104; x_wconf 94' lang='lat' dir='ltr'><strong>ut</strong></span> <span class='ocrx_word' id='word_1_246' title='bbox 1185 3039 1249 3105; x_wconf 87' lang='lat' dir='ltr'><strong>XV</strong></span> <span class='ocrx_word' id='word_1_247' title='bbox 1266 3042 1305 3106; x_wconf 90' lang='lat'><strong>13</strong></span> 
     </span>
     <span class='ocr_line' id='line_1_27' title="bbox 159 3144 1306 3234; baseline -0.001 -20"><span class='ocrx_word' id='word_1_248' title='bbox 159 3151 284 3231; x_wconf 62' lang='lat' dir='ltr'><strong>parbter</strong></span> <span class='ocrx_word' id='word_1_249' title='bbox 297 3149 318 3213; x_wconf 89' lang='lat' dir='ltr'><strong>i.</strong></span> <span class='ocrx_word' id='word_1_250' title='bbox 332 3154 355 3214; x_wconf 90' lang='lat' dir='ltr'><strong>t.</strong></span> <span class='ocrx_word' id='word_1_251' title='bbox 380 3152 416 3214; x_wconf 76' lang='lat' dir='ltr'><strong>ab</strong></span> <span class='ocrx_word' id='word_1_252' title='bbox 434 3150 579 3232; x_wconf 62' lang='lat' dir='ltr'><strong>murteta</strong></span> <span class='ocrx_word' id='word_1_253' title='bbox 596 3159 631 3214; x_wconf 82' lang='grc' dir='ltr'>Μ</span> <span class='ocrx_word' id='word_1_254' title='bbox 651 3179 692 3201; x_wconf 91' lang='lat'><strong>==</strong></span> <span class='ocrx_word' id='word_1_255' title='bbox 705 3151 874 3232; x_wconf 76' lang='lat' dir='ltr'><strong>prudenter</strong></span> <span class='ocrx_word' id='word_1_256' title='bbox 892 3146 960 3233; x_wconf 82' lang='lat' dir='ltr'><strong>G*;</strong></span> <span class='ocrx_word' id='word_1_257' title='bbox 983 3144 1096 3212; x_wconf 90' lang='lat' dir='ltr'>XXIII</span> <span class='ocrx_word' id='word_1_258' title='bbox 1112 3150 1130 3213; x_wconf 78' lang='lat'>7</span> <span class='ocrx_word' id='word_1_259' title='bbox 1160 3169 1216 3214; x_wconf 86' lang='lat' dir='ltr'><strong>rrec</strong></span> <span class='ocrx_word' id='word_1_260' title='bbox 1239 3147 1306 3234; x_wconf 82' lang='lat' dir='ltr'><strong>G*;</strong></span> 
     </span>
    </p>
   </div>
   <div class='ocr_carea' id='block_1_4' title="bbox 135 3376 1306 4432">
    <p class='ocr_par' dir='ltr' id='par_1_5' title="bbox 135 3376 1306 4432">
     <span class='ocr_line' id='line_1_28' title="bbox 250 3376 1306 3450; baseline -0.003 -17"><span class='ocrx_word' id='word_1_261' title='bbox 250 3383 275 3450; x_wconf 84' lang='lat'><strong>1)</strong></span> <span class='ocrx_word' id='word_1_262' title='bbox 295 3379 404 3447; x_wconf 82' lang='lat' dir='ltr'><strong>quode</strong></span> <span class='ocrx_word' id='word_1_263' title='bbox 423 3379 545 3448; x_wconf 90' lang='lat' dir='ltr'><strong>primum</strong></span> <span class='ocrx_word' id='word_1_264' title='bbox 564 3379 601 3433; x_wconf 92' lang='lat' dir='ltr'><strong>ad</strong></span> <span class='ocrx_word' id='word_1_265' title='bbox 614 3397 636 3433; x_wconf 91' lang='lat' dir='ltr'><strong>e.</strong></span> <span class='ocrx_word' id='word_1_266' title='bbox 651 3378 747 3447; x_wconf 87' lang='lat' dir='ltr'>I-III,</span> <span class='ocrx_word' id='word_1_267' title='bbox 767 3377 869 3432; x_wconf 92' lang='lat' dir='ltr'><strong>deinde</strong></span> <span class='ocrx_word' id='word_1_268' title='bbox 888 3378 926 3432; x_wconf 92' lang='lat' dir='ltr'><strong>ad</strong></span> <span class='ocrx_word' id='word_1_269' title='bbox 944 3376 1075 3431; x_wconf 88' lang='lat' dir='ltr'><strong>carminis</strong></span> <span class='ocrx_word' id='word_1_270' title='bbox 1093 3376 1194 3432; x_wconf 88' lang='lat' dir='ltr'>LXIHI</span> <span class='ocrx_word' id='word_1_271' title='bbox 1208 3394 1306 3432; x_wconf 90' lang='lat' dir='ltr'><strong>uersus</strong></span> 
     </span>
     <span class='ocr_line' id='line_1_29' title="bbox 161 3467 1305 3538; baseline -0.003 -15"><span class='ocrx_word' id='word_1_272' title='bbox 161 3474 248 3523; x_wconf 76' lang='lat'>1-15</span> <span class='ocrx_word' id='word_1_273' title='bbox 271 3469 466 3523; x_wconf 89' lang='lat' dir='ltr'><strong>tantummodo</strong></span> <span class='ocrx_word' id='word_1_274' title='bbox 490 3468 659 3522; x_wconf 86' lang='lat' dir='ltr'><strong>uarietatem</strong></span> <span class='ocrx_word' id='word_1_275' title='bbox 686 3467 841 3537; x_wconf 88' lang='lat' dir='ltr'><strong>scripturae</strong></span> <span class='ocrx_word' id='word_1_276' title='bbox 864 3467 895 3520; x_wconf 90' lang='lat' dir='ltr'><strong>in</strong></span> <span class='ocrx_word' id='word_1_277' title='bbox 917 3472 940 3518; x_wconf 85' lang='lat' dir='ltr'>V</span> <span class='ocrx_word' id='word_1_278' title='bbox 968 3467 1134 3521; x_wconf 82' lang='lat' dir='ltr'><strong>adnotatam</strong></span> <span class='ocrx_word' id='word_1_279' title='bbox 1162 3467 1305 3538; x_wconf 87' lang='lat' dir='ltr'><strong>excripsit,</strong></span> 
     </span>
     <span class='ocr_line' id='line_1_30' title="bbox 160 3555 1305 3627; baseline -0.003 -15"><span class='ocrx_word' id='word_1_280' title='bbox 160 3559 214 3612; x_wconf 89' lang='lat' dir='ltr'><strong>hoo</strong></span> <span class='ocrx_word' id='word_1_281' title='bbox 233 3558 275 3613; x_wconf 92' lang='lat' dir='ltr'><strong>ita</strong></span> <span class='ocrx_word' id='word_1_282' title='bbox 294 3557 493 3627; x_wconf 84' lang='lat' dir='ltr'><strong>explicandum</strong></span> <span class='ocrx_word' id='word_1_283' title='bbox 512 3560 563 3626; x_wconf 90' lang='lat' dir='ltr'><strong>est,</strong></span> <span class='ocrx_word' id='word_1_284' title='bbox 582 3560 614 3611; x_wconf 87' lang='lat' dir='ltr'><strong>ut</strong></span> <span class='ocrx_word' id='word_1_285' title='bbox 632 3556 727 3611; x_wconf 81' lang='lat' dir='ltr'><strong>libris</strong></span> <span class='ocrx_word' id='word_1_286' title='bbox 748 3557 870 3611; x_wconf 88' lang='lat' dir='ltr'><strong>scribam</strong></span> <span class='ocrx_word' id='word_1_287' title='bbox 892 3555 1023 3625; x_wconf 89' lang='lat' dir='ltr'><strong>primitus</strong></span> <span class='ocrx_word' id='word_1_288' title='bbox 1048 3555 1142 3610; x_wconf 90' lang='lat' dir='ltr'><strong>omnia</strong></span> <span class='ocrx_word' id='word_1_289' title='bbox 1165 3555 1196 3609; x_wconf 93' lang='lat' dir='ltr'><strong>in</strong></span> <span class='ocrx_word' id='word_1_290' title='bbox 1214 3562 1238 3609; x_wconf 82' lang='lat' dir='ltr'>V</span> <span class='ocrx_word' id='word_1_291' title='bbox 1257 3556 1305 3610; x_wconf 92' lang='lat' dir='ltr'><strong>ad·</strong></span> 
     </span>
     <span class='ocr_line' id='line_1_31' title="bbox 160 3643 1305 3714; baseline -0.001 -13"><span class='ocrx_word' id='word_1_292' title='bbox 160 3650 260 3702; x_wconf 89' lang='lat' dir='ltr'><strong>notata</strong></span> <span class='ocrx_word' id='word_1_293' title='bbox 284 3647 426 3702; x_wconf 88' lang='lat' dir='ltr'><strong>excribere</strong></span> <span class='ocrx_word' id='word_1_294' title='bbox 450 3645 574 3700; x_wconf 89' lang='lat' dir='ltr'><strong>uoluisse</strong></span> <span class='ocrx_word' id='word_1_295' title='bbox 598 3645 724 3714; x_wconf 88' lang='lat' dir='ltr'><strong>quidem,</strong></span> <span class='ocrx_word' id='word_1_296' title='bbox 753 3645 803 3698; x_wconf 89' lang='lat' dir='ltr'><strong>sed</strong></span> <span class='ocrx_word' id='word_1_297' title='bbox 825 3661 891 3697; x_wconf 91' lang='lat' dir='ltr'><strong>mox</strong></span> <span class='ocrx_word' id='word_1_298' title='bbox 913 3643 1010 3698; x_wconf 86' lang='lat' dir='ltr'><strong>taedio</strong></span> <span class='ocrx_word' id='word_1_299' title='bbox 1033 3644 1140 3699; x_wconf 88' lang='lat' dir='ltr'><strong>uictum</strong></span> <span class='ocrx_word' id='word_1_300' title='bbox 1163 3644 1218 3699; x_wconf 87' lang='lat' dir='ltr'><strong>hoo</strong></span> <span class='ocrx_word' id='word_1_301' title='bbox 1242 3662 1305 3700; x_wconf 93' lang='lat' dir='ltr'><strong>con-</strong></span> 
     </span>
     <span class='ocr_line' id='line_1_32' title="bbox 135 3722 1303 3810; baseline 0 -20"><span class='ocrx_word' id='word_1_302' title='bbox 135 3804 138 3810; x_wconf 26' lang='lat'><strong>,</strong></span> <span class='ocrx_word' id='word_1_303' title='bbox 162 3737 256 3792; x_wconf 90' lang='lat' dir='ltr'><strong>silium</strong></span> <span class='ocrx_word' id='word_1_304' title='bbox 275 3737 412 3792; x_wconf 89' lang='lat' dir='ltr'><strong>abiecisse</strong></span> <span class='ocrx_word' id='word_1_305' title='bbox 431 3736 561 3803; x_wconf 85' lang='lat' dir='ltr'><strong>idemque</strong></span> <span class='ocrx_word' id='word_1_306' title='bbox 575 3734 660 3805; x_wconf 88' lang='lat' dir='ltr'><strong>plane</strong></span> <span class='ocrx_word' id='word_1_307' title='bbox 675 3734 705 3788; x_wconf 91' lang='lat' dir='ltr'><strong>in</strong></span> <span class='ocrx_word' id='word_1_308' title='bbox 720 3751 742 3790; x_wconf 86' lang='lat' dir='ltr'><strong>c.</strong></span> <span class='ocrx_word' id='word_1_309' title='bbox 757 3733 857 3787; x_wconf 89' lang='lat' dir='ltr'>LXIIII</span> <span class='ocrx_word' id='word_1_310' title='bbox 876 3732 959 3787; x_wconf 92' lang='lat' dir='ltr'><strong>initio</strong></span> <span class='ocrx_word' id='word_1_311' title='bbox 974 3751 1027 3786; x_wconf 91' lang='lat' dir='ltr'><strong>usu</strong></span> <span class='ocrx_word' id='word_1_312' title='bbox 1040 3722 1153 3788; x_wconf 88' lang='lat' dir='ltr'><strong>uenisse</strong></span> <span class='ocrx_word' id='word_1_313' title='bbox 1169 3732 1303 3790; x_wconf 85' lang='lat' dir='ltr'><strong>dicamus.</strong></span> 
     </span>
     <span class='ocr_line' id='line_1_33' title="bbox 161 3821 1304 3896; baseline -0.003 -15"><span class='ocrx_word' id='word_1_314' title='bbox 161 3827 260 3881; x_wconf 86' lang='lat' dir='ltr'><strong>eadem</strong></span> <span class='ocrx_word' id='word_1_315' title='bbox 283 3826 368 3896; x_wconf 86' lang='lat' dir='ltr'><strong>plane</strong></span> <span class='ocrx_word' id='word_1_316' title='bbox 391 3825 549 3896; x_wconf 85' lang='lat' dir='ltr'><strong>glossarum</strong></span> <span class='ocrx_word' id='word_1_317' title='bbox 573 3842 607 3879; x_wconf 90' lang='lat' dir='ltr'><strong>ex</strong></span> <span class='ocrx_word' id='word_1_318' title='bbox 630 3829 653 3875; x_wconf 81' lang='lat' dir='ltr'>V</span> <span class='ocrx_word' id='word_1_319' title='bbox 675 3824 704 3876; x_wconf 92' lang='lat' dir='ltr'><strong>in</strong></span> <span class='ocrx_word' id='word_1_320' title='bbox 728 3830 746 3877; x_wconf 91' lang='lat'>0</span> <span class='ocrx_word' id='word_1_321' title='bbox 772 3823 976 3893; x_wconf 86' lang='lat' dir='ltr'><strong>descriptarum</strong></span> <span class='ocrx_word' id='word_1_322' title='bbox 999 3825 1043 3877; x_wconf 91' lang='lat' dir='ltr'><strong>est</strong></span> <span class='ocrx_word' id='word_1_323' title='bbox 1065 3821 1148 3878; x_wconf 91' lang='lat' dir='ltr'><strong>ratio.</strong></span> <span class='ocrx_word' id='word_1_324' title='bbox 1185 3841 1304 3892; x_wconf 86' lang='lat' dir='ltr'><strong>quarum</strong></span> 
     </span>
     <span class='ocr_line' id='line_1_34' title="bbox 161 3912 1305 3986; baseline -0.003 -16"><span class='ocrx_word' id='word_1_325' title='bbox 161 3916 316 3986; x_wconf 88' lang='lat' dir='ltr'><strong>complures</strong></span> <span class='ocrx_word' id='word_1_326' title='bbox 336 3916 423 3970; x_wconf 91' lang='lat' dir='ltr'><strong>habes</strong></span> <span class='ocrx_word' id='word_1_327' title='bbox 444 3913 633 3980; x_wconf 79' lang='lat' dir='ltr'><strong>adol-1113</strong></span> <span class='ocrx_word' id='word_1_328' title='bbox 660 3912 761 3966; x_wconf 88' lang='lat' dir='ltr'><strong>deinde</strong></span> <span class='ocrx_word' id='word_1_329' title='bbox 784 3930 873 3980; x_wconf 91' lang='lat' dir='ltr'><strong>usque</strong></span> <span class='ocrx_word' id='word_1_330' title='bbox 897 3913 934 3966; x_wconf 92' lang='lat' dir='ltr'><strong>ad</strong></span> <span class='ocrx_word' id='word_1_331' title='bbox 958 3929 980 3967; x_wconf 91' lang='lat' dir='ltr'><strong>c.</strong></span> <span class='ocrx_word' id='word_1_332' title='bbox 995 3912 1096 3966; x_wconf 91' lang='lat' dir='ltr'>LXIIII</span> <span class='ocrx_word' id='word_1_333' title='bbox 1120 3912 1230 3968; x_wconf 88' lang='lat' dir='ltr'><strong>desunt.</strong></span> <span class='ocrx_word' id='word_1_334' title='bbox 1269 3913 1305 3967; x_wconf 89' lang='lat' dir='ltr'><strong>ad</strong></span> 
     </span>
     <span class='ocr_line' id='line_1_35' title="bbox 161 4001 1305 4072; baseline -0.002 -14"><span class='ocrx_word' id='word_1_335' title='bbox 161 4006 213 4060; x_wconf 92' lang='lat' dir='ltr'><strong>hoe</strong></span> <span class='ocrx_word' id='word_1_336' title='bbox 232 4008 328 4060; x_wconf 87' lang='lat' dir='ltr'><strong>autem</strong></span> <span class='ocrx_word' id='word_1_337' title='bbox 346 4003 554 4059; x_wconf 89' lang='lat' dir='ltr'><strong>nobilissimum</strong></span> <span class='ocrx_word' id='word_1_338' title='bbox 573 4002 698 4072; x_wconf 84' lang='lat' dir='ltr'><strong>epyllion</strong></span> <span class='ocrx_word' id='word_1_339' title='bbox 721 4019 784 4056; x_wconf 91' lang='lat' dir='ltr'><strong>cum</strong></span> <span class='ocrx_word' id='word_1_340' title='bbox 806 4001 931 4056; x_wconf 87' lang='lat' dir='ltr'><strong>uenisset</strong></span> <span class='ocrx_word' id='word_1_341' title='bbox 959 4001 1064 4071; x_wconf 85' lang='lat' dir='ltr'><strong>scriba,</strong></span> <span class='ocrx_word' id='word_1_342' title='bbox 1087 4001 1192 4056; x_wconf 89' lang='lat' dir='ltr'><strong>iterum</strong></span> <span class='ocrx_word' id='word_1_343' title='bbox 1210 4002 1305 4056; x_wconf 88' lang='lat' dir='ltr'><strong>omnia</strong></span> 
     </span>
     <span class='ocr_line' id='line_1_36' title="bbox 160 4090 1304 4162; baseline -0.001 -15"><span class='ocrx_word' id='word_1_344' title='bbox 160 4111 194 4147; x_wconf 88' lang='lat' dir='ltr'><strong>ex</strong></span> <span class='ocrx_word' id='word_1_345' title='bbox 212 4100 235 4146; x_wconf 86' lang='lat' dir='ltr'>v</span> <span class='ocrx_word' id='word_1_346' title='bbox 258 4094 444 4151; x_wconf 88' lang='lat' dir='ltr'><strong>transcribere</strong></span> <span class='ocrx_word' id='word_1_347' title='bbox 468 4092 561 4162; x_wconf 87' lang='lat' dir='ltr'><strong>coepit</strong></span> <span class='ocrx_word' id='word_1_348' title='bbox 587 4091 709 4161; x_wconf 90' lang='lat' dir='ltr'><strong>quidem,</strong></span> <span class='ocrx_word' id='word_1_349' title='bbox 735 4092 785 4145; x_wconf 92' lang='lat' dir='ltr'><strong>sed</strong></span> <span class='ocrx_word' id='word_1_350' title='bbox 809 4109 866 4145; x_wconf 91' lang='lat' dir='ltr'><strong>non</strong></span> <span class='ocrx_word' id='word_1_351' title='bbox 890 4091 1092 4162; x_wconf 87' lang='lat' dir='ltr'><strong>perseuerauit.</strong></span> <span class='ocrx_word' id='word_1_352' title='bbox 1129 4090 1196 4145; x_wconf 88' lang='lat' dir='ltr'><strong>hino</strong></span> <span class='ocrx_word' id='word_1_353' title='bbox 1222 4091 1304 4146; x_wconf 87' lang='lat' dir='ltr'><strong>initio</strong></span> 
     </span>
     <span class='ocr_line' id='line_1_37' title="bbox 160 4182 1304 4253; baseline 0 -17"><span class='ocrx_word' id='word_1_354' title='bbox 160 4201 183 4237; x_wconf 91' lang='lat' dir='ltr'><strong>o.</strong></span> <span class='ocrx_word' id='word_1_355' title='bbox 198 4182 298 4237; x_wconf 91' lang='lat' dir='ltr'>LXIIII</span> <span class='ocrx_word' id='word_1_356' title='bbox 316 4184 409 4253; x_wconf 90' lang='lat' dir='ltr'><strong>plures</strong></span> <span class='ocrx_word' id='word_1_357' title='bbox 425 4189 443 4236; x_wconf 92' lang='lat'><strong>0</strong></span> <span class='ocrx_word' id='word_1_358' title='bbox 463 4183 572 4253; x_wconf 86' lang='lat' dir='ltr'><strong>glossas</strong></span> <span class='ocrx_word' id='word_1_359' title='bbox 590 4182 679 4236; x_wconf 87' lang='lat' dir='ltr'><strong>habet</strong></span> <span class='ocrx_word' id='word_1_360' title='bbox 698 4183 740 4251; x_wconf 88' lang='lat' dir='ltr'><strong>(ut</strong></span> <span class='ocrx_word' id='word_1_361' title='bbox 758 4200 784 4235; x_wconf 90' lang='lat' dir='ltr'><strong>u.</strong></span> <span class='ocrx_word' id='word_1_362' title='bbox 802 4187 815 4235; x_wconf 91' lang='lat'>1</span> <span class='ocrx_word' id='word_1_363' title='bbox 835 4189 934 4237; x_wconf 77' lang='lat' dir='ltr'><strong>narrat</strong></span> <span class='ocrx_word' id='word_1_364' title='bbox 951 4183 996 4237; x_wconf 83' lang='lat' dir='ltr'><strong>bic</strong></span> <span class='ocrx_word' id='word_1_365' title='bbox 1010 4182 1142 4252; x_wconf 73' lang='lat' dir='ltr'><strong>ystoriam</strong></span> <span class='ocrx_word' id='word_1_366' title='bbox 1156 4184 1238 4236; x_wconf 80' lang='lat' dir='ltr'><strong>aurei</strong></span> <span class='ocrx_word' id='word_1_367' title='bbox 1250 4184 1304 4236; x_wconf 79' lang='lat' dir='ltr'><strong>uel-</strong></span> 
     </span>
     <span class='ocr_line' id='line_1_38' title="bbox 161 4270 1306 4343; baseline -0.003 -15"><span class='ocrx_word' id='word_1_368' title='bbox 161 4274 233 4341; x_wconf 82' lang='lat' dir='ltr'><strong>lerr&#39;s,</strong></span> <span class='ocrx_word' id='word_1_369' title='bbox 251 4289 278 4326; x_wconf 92' lang='lat' dir='ltr'><strong>u.</strong></span> <span class='ocrx_word' id='word_1_370' title='bbox 298 4279 314 4326; x_wconf 88' lang='lat'>8</span> <span class='ocrx_word' id='word_1_371' title='bbox 333 4274 414 4328; x_wconf 79' lang='lat' dir='ltr'><strong>Diuo</strong></span> <span class='ocrx_word' id='word_1_372' title='bbox 437 4272 595 4343; x_wconf 86' lang='lat' dir='ltr'><strong>explicatur</strong></span> <span class='ocrx_word' id='word_1_373' title='bbox 618 4271 721 4338; x_wconf 75' lang='lat' dir='ltr'><strong>Verres,</strong></span> <span class='ocrx_word' id='word_1_374' title='bbox 744 4289 819 4326; x_wconf 84' lang='lat' dir='ltr'><strong>arces</strong></span> <span class='ocrx_word' id='word_1_375' title='bbox 842 4273 937 4325; x_wconf 88' lang='lat' dir='ltr'><strong>autem</strong></span> <span class='ocrx_word' id='word_1_376' title='bbox 956 4273 988 4325; x_wconf 81' lang='lat' dir='ltr'><strong>r&#39;rr</strong></span> <span class='ocrx_word' id='word_1_377' title='bbox 1011 4273 1088 4341; x_wconf 82' lang='lat' dir='ltr'><strong>eelo);</strong></span> <span class='ocrx_word' id='word_1_378' title='bbox 1112 4270 1163 4325; x_wconf 89' lang='lat' dir='ltr'><strong>sed</strong></span> <span class='ocrx_word' id='word_1_379' title='bbox 1186 4287 1252 4325; x_wconf 83' lang='lat' dir='ltr'><strong>mox</strong></span> <span class='ocrx_word' id='word_1_380' title='bbox 1274 4274 1306 4325; x_wconf 90' lang='lat' dir='ltr'><strong>ut</strong></span> 
     </span>
     <span class='ocr_line' id='line_1_39' title="bbox 160 4359 1306 4432; baseline 0.001 -17"><span class='ocrx_word' id='word_1_381' title='bbox 160 4359 254 4415; x_wconf 88' lang='lat' dir='ltr'><strong>uarias</strong></span> <span class='ocrx_word' id='word_1_382' title='bbox 272 4361 421 4432; x_wconf 86' lang='lat' dir='ltr'><strong>lectiones,</strong></span> <span class='ocrx_word' id='word_1_383' title='bbox 444 4362 486 4417; x_wconf 88' lang='lat' dir='ltr'><strong>ita</strong></span> <span class='ocrx_word' id='word_1_384' title='bbox 509 4362 618 4432; x_wconf 86' lang='lat' dir='ltr'><strong>glossas</strong></span> <span class='ocrx_word' id='word_1_385' title='bbox 647 4359 809 4415; x_wconf 87' lang='lat' dir='ltr'><strong>excribendi</strong></span> <span class='ocrx_word' id='word_1_386' title='bbox 833 4359 982 4416; x_wconf 88' lang='lat' dir='ltr'><strong>consilium</strong></span> <span class='ocrx_word' id='word_1_387' title='bbox 1004 4360 1107 4418; x_wconf 90' lang='lat' dir='ltr'><strong>iterum</strong></span> <span class='ocrx_word' id='word_1_388' title='bbox 1129 4359 1255 4416; x_wconf 84' lang='lat' dir='ltr'><strong>mutauit</strong></span> <span class='ocrx_word' id='word_1_389' title='bbox 1277 4362 1306 4416; x_wconf 89' lang='lat' dir='ltr'><strong>et</strong></span> 
     </span>
    </p>
   </div>
   <div class='ocr_carea' id='block_1_5' title="bbox 160 4450 859 4518">
    <p class='ocr_par' dir='ltr' id='par_1_6' title="bbox 160 4450 859 4518">
     <span class='ocr_line' id='line_1_40' title="bbox 160 4450 859 4518; baseline 0.003 -13"><span class='ocrx_word' id='word_1_390' title='bbox 160 4466 248 4518; x_wconf 88' lang='lat' dir='ltr'><strong>usque</strong></span> <span class='ocrx_word' id='word_1_391' title='bbox 267 4450 406 4506; x_wconf 87' lang='lat' dir='ltr'><strong>adfinem</strong></span> <span class='ocrx_word' id='word_1_392' title='bbox 424 4450 516 4506; x_wconf 87' lang='lat' dir='ltr'><strong>libelli</strong></span> <span class='ocrx_word' id='word_1_393' title='bbox 534 4451 592 4506; x_wconf 90' lang='lat' dir='ltr'><strong>iam</strong></span> <span class='ocrx_word' id='word_1_394' title='bbox 610 4450 682 4506; x_wconf 89' lang='lat' dir='ltr'><strong>nihil</strong></span> <span class='ocrx_word' id='word_1_395' title='bbox 701 4450 859 4507; x_wconf 87' lang='lat' dir='ltr'><strong>adnotauit.</strong></span> 
     </span>
    </p>
   </div>
   <div class='ocr_carea' id='block_1_6' title="bbox 0 0 1483 4958">
    <p class='ocr_par' dir='ltr' id='par_1_7' title="bbox 0 0 1483 4958">
     <span class='ocr_line' id='line_1_41' title="bbox 0 0 1483 4958; baseline 0 0"><span class='ocrx_word' id='word_1_396' title='bbox 0 0 1483 4958; x_wconf 95' lang='lat' dir='ltr'><strong> </strong></span> 
     </span>
    </p>
   </div>
  </div>
 </body>
</html>
