2954 4958
592 111 877 168 PROLEGOMENA.
1180 112 1307 168 LXVIIII

165 277 274 342 deinde
298 278 423 343 lacunis
448 278 568 343 eisdem
592 287 619 342 T
643 281 676 342 et
697 287 729 342 V
754 277 919 362 laborant3
946 300 1023 342 nam
1052 281 1085 342 et
1110 283 1187 362 post
1213 300 1243 342 u
1264 279 1306 343 32

162 406 263 469 pauca
285 373 520 450 interciderunt
544 389 577 449 et
605 407 678 450 curn
706 407 758 448 uu.
782 384 825 449 43
845 388 878 448 et
897 385 939 448 44
968 380 1021 470 (cf.
1042 381 1155 472 supra)
1183 389 1253 449 tum
1276 408 1305 448 u.
1331 407 1333 413 ’

162 489 223 558 58b
245 491 281 555 in
309 497 448 576 utroque
477 492 601 557 desunt.
644 490 782 574 denique
809 491 873 555 nisi
901 513 1105 556 communem
1133 492 1179 556 eis
1207 491 1306 556 fuisso

164 599 374 685 archetypum
399 599 566 685 sumimus,
588 621 654 663 non
677 595 1028 683 possumus'explicare
1049 599 1135 682 quod
1158 622 1187 662 u.
1208 599 1248 662 37
1273 598 1308 662 in

161 716 187 771 T
208 708 303 772 tacito
324 727 442 792 questu,
464 706 500 770 in
522 715 552 770 V
575 708 669 772 mutu
691 727 785 788 quam
808 709 928 770 extant.
966 706 1121 771 nimirum
1144 704 1307 770 fluxenmt

161 831 239 897 haec
259 853 299 895 ex
317 833 401 897 male
418 831 586 897 intellecto
605 832 699 898 weilo
721 805 810 915 oriem
828 827 956 917 (eodem
974 832 1071 897 modo
1089 841 1116 896 T
1135 833 1318 915 corruptus

165 979 212 1040 est
235 999 266 1040 u.
287 976 329 1042 59
352 974 399 1041 Et
421 979 476 1040 tua
494 966 552 1040 ¹nec
575 974 739 1060 exhibens,
762 975 849 1058 quod
866 979 981 1039 natum
1004 997 1074 1039 esse
1098 997 1137 1039 ex
1155 935 1308 1055 Εαττωκθσ,
1419 1048 1424 1055 ,

163 1083 194 1146 id
216 1088 267 1148 est
291 1084 337 1166 At
357 1087 391 1148 tu
412 1102 474 1166 neo,
497 1080 535 1146 ut
554 1086 641 1147 recte
663 1065 787 1147 habent
811 1082 889 1165 edu,
912 1083 979 1147 iam
997 1082 1035 1146 E.
1055 1083 1093 1147 de
1111 1083 1306 1150 Leutschius

164 1189 183 1253 l.
195 1191 216 1254 l.
229 1213 260 1275 p.
277 1191 364 1256 1980
386 1186 571 1275 intellexit).
611 1193 709 1272 atque
736 1188 788 1253 his
817 1189 947 1272 quidem
975 1190 1013 1254 de
1042 1191 1147 1256 causis
1171 1202 1198 1256 T
1222 1196 1255 1256 et
1277 1202 1308 1257 V

165 1319 199 1362 ex
223 1320 288 1362 uno
312 1298 488 1380 eodemque
512 1296 688 1382 archetypo
713 1297 892 1381 descriptos
917 1319 987 1362 esse
1009 1299 1195 1382 ponendum
1219 1303 1277 1364 est.

248 1404 312 1469 Hic
327 1408 435 1469 autem
455 1403 649 1489 archetypus
670 1404 912 1469 characteribus
932 1409 1082 1469 exaratus
1102 1408 1173 1469 erat
1191 1405 1308 1470 maius-

165 1512 249 1577 culis.
273 1534 311 1576 eo
336 1513 458 1578 ducunt
479 1511 643 1576 litterulae
672 1510 703 1576 D
727 1516 761 1576 et
783 1511 809 1574 P
831 1511 918 1575 inter
940 1533 975 1576 se
1004 1511 1170 1596 confusae3
1198 1512 1237 1576 cf.
1257 1534 1306 1576 ex.

166 1638 207 1702 gr.
228 1615 339 1683 XVII
365 1622 398 1682 et
422 1618 465 1683 14
486 1619 628 1685 &ducto
650 1630 695 1704 V,
722 1617 815 1683 LXII
830 1618 873 1683 35
900 1638 1016 1700 sospem
1039 1628 1066 1683 T
1099 1616 1230 1704 (eosdem
1253 1615 1308 1706 V),

164 1724 235 1789 ibin
256 1725 297 1790 51
316 1726 498 1808 perflantem
521 1736 547 1791 T
572 1723 742 1813 (deficiens
764 1722 824 1813 V);
846 1727 944 1811 porro
967 1725 994 1790 Τ
1018 1729 1051 1790 et
1073 1725 1091 1789 Ι
1114 1728 1147 1789 et
1169 1724 1196 1788 L
1220 1725 1307 1790 haud

165 1853 233 1897 roro
252 1835 465 1917 permutatae,
502 1832 566 1898 huc
582 1833 682 1899 etiam
695 1833 880 1898 litterarum
898 1832 927 1897 n
943 1832 1016 1897 etF
1035 1831 1210 1918 permixtio
1229 1834 1307 1898 refe-

164 1939 270 2024 renda3
303 1939 342 2005 cf.
366 1939 493 2005 LXIIII
512 1941 577 2005 229
605 1940 739 2005 FRETI
766 1963 826 2026 pro
854 1938 1017 2004 cancul
1045 1943 1079 2004 et
1104 1936 1267 2004 LXVIIIb
1289 1941 1305 2004 1

164 2043 475 2120 QUAMFALLIUS
507 2070 567 2131 pro
600 2045 755 2123 QUAMT
788 2045 957 2112 ALLIUS.
1014 2048 1097 2111 unde
1130 2047 1240 2111 euenit
1270 2051 1308 2111 ut

164 2151 233 2217 LXI
251 2153 314 2219 199
338 2155 428 2220 erices·
445 2177 504 2238 pro
528 2151 945 2244 ATRIOEIIAFRIOEI)
968 2154 1004 2218 in
1027 2163 1057 2218 V
1080 2153 1307 2219 scriberentur.

165 2281 233 2324 cum
256 2283 336 2324 uero
359 2273 388 2327 V
411 2261 533 2327 talibus
557 2262 681 2326 mendis
706 2284 787 2346 quae
807 2261 970 2346 exemplar
989 2261 1179 2326 minusculis
1199 2263 1320 2327 exara

164 2369 229 2431 tum
252 2366 372 2432 litteris
401 2357 538 2434 reddant
565 2369 704 2434 refertus
734 2368 777 2433 sit
805 2365 924 2455 (neque
952 2369 1039 2433 enim
1067 2367 1306 2434 consentientes

163 2472 320 2546 librorum
341 2486 368 2542 0
392 2481 425 2541 et
443 2487 474 2542 G
496 2477 698 2560 corruptelas
722 2499 761 2540 ex
784 2477 856 2559 ipso
875 2486 906 2541 V
925 2475 1084 2561 explicare
1108 2472 1209 2563 licet),
1231 2475 1307 2542 hinc

164 2590 189 2643 V
206 2603 274 2646 non
297 2605 336 2647 ex
354 2582 427 2668 ipso
447 2583 632 2669 archetypo,
652 2584 707 2648 sed
726 2606 765 2648 ex
783 2582 880 2648 huius
900 2582 1089 2669 apographo
1109 2583 1307 2669 descriptum

163 2711 227 2754 esse
252 2690 445 2755 sumendum
469 2695 529 2767 est,
552 2691 763 2776 archetypum
786 2691 890 2777 igitur
916 2690 992 2755 libri
1014 2690 1212 2756 Veronensis
1241 2713 1307 2754 non

163 2801 340 2882 parentem,
368 2797 424 2862 sed
452 2820 550 2863 auum
579 2821 657 2864 esse.
699 2820 803 2882 neque
837 2798 991 2863 abhorret
1019 2821 1038 2862 a
1065 2797 1308 2883 probabilitate,

163 2905 272 2969 eodem
303 2904 361 2968 illo
395 2905 523 2970 saeculo
550 2904 633 2970 VIII
664 2927 728 2990 quo
762 2905 909 2970 Thuanei
939 2905 1084 2991 genitor,
1112 2905 1307 2991 florilegium

162 3009 238 3076 illud
263 3009 481 3098 Gallicanum,
510 3016 600 3077 ortus
631 3017 695 3098 est,
724 3012 824 3077 etiam
853 3012 956 3084 totius
989 3011 1158 3096 archetypi
1185 3034 1307 3076 nouum

163 3140 227 3184 esse
251 3119 376 3183 factum
399 3119 570 3204 exemplar.
608 3120 736 3185 saeculo
763 3119 866 3206 igitur
888 3117 989 3184 VIIII
1015 3121 1053 3183 ut
1080 3141 1119 3182 ex
1146 3117 1306 3204 florilegio

162 3224 214 3290 illo
238 3225 422 3312 ThuaneuS,
445 3226 491 3292 sle
515 3249 554 3292 ex
576 3227 641 3292 isto
665 3227 785 3313 integri
809 3226 976 3311 archetypi
1000 3225 1188 3311 apographo
1207 3224 1307 3290 Vero-

162 3333 267 3397 nensis
291 3333 461 3398 fluxerunt.
498 3333 578 3399 haec
602 3334 712 3398 omnia
735 3356 932 3419 quamquam
956 3337 1071 3417 suapte
1093 3326 1212 3396 natura
1231 3336 1307 3397 sunt
1358 3344 1360 3348 '

161 3437 282 3505 incerta
310 3464 408 3526 quam
436 3441 589 3526 maxime,
620 3439 863 3526 probabiIItatis
892 3445 1003 3506 tamen
1035 3439 1140 3528 specie
1169 3439 1307 3526 quadam

161 3547 315 3613 nituntur,

245 3653 317 3718 Iam
340 3653 421 3739 ipse,
432 3654 515 3719 liber
538 3655 733 3741 archetypus
757 3655 886 3721 cuinam
910 3656 1039 3721 saeculo
1063 3656 1107 3722 sit
1126 3656 1307 3723 adscriben-

161 3760 232 3847 dus,
264 3761 368 3826 multo
399 3760 499 3826 etiam
531 3762 635 3847 magis
667 3763 802 3827 dubium
839 3767 897 3827 est.
949 3785 1052 3848 neque
1084 3763 1183 3829 refert
1216 3763 1306 3828 scire.

160 3866 270 3932 utilius
294 3868 398 3932 multo
422 3873 473 3934 est
496 3891 691 3956 cognoscere
715 3892 797 3955 quae
820 3870 937 3934 menda
959 3871 993 3933 in
1016 3879 1046 3932 V
1070 3870 1167 3934 obuia
1191 3893 1230 3935 ex
1248 3872 1306 3935 illo

161 3973 224 4038 sint
257 3975 449 4040 deducenda.
505 3976 742 4062 superscriptas
774 3976 938 4041 interdum
970 3977 1070 4041 fuisse
1104 3977 1238 4042 uoculas
1272 3978 1304 4042 in

160 4081 345 4169 archetyp0,
367 4084 464 4148 modo
487 4083 637 4149 uidimus.
673 4083 748 4149 inde
772 4083 924 4148 uidentur
943 4088 1015 4149 orta
1034 4106 1104 4148 esse
1123 4084 1158 4148 in
1176 4095 1206 4148 V
1221 4085 1307 4184 uitia

162 4243 269 4326 qualia
297 4247 409 4308 extant
432 4243 497 4309 Χ9
525 4244 606 4311 nitu
632 4266 728 4327 oeqrce
754 4266 808 4312 occ
834 4247 869 4310 io
896 4245 973 4329 ipse's
1001 4242 1096 4333 (nihil
1116 4188 1305 4333 hhqcuh'iim),
