2954 4958
595 305 881 364 PROLEGOMENA.

251 473 359 538 Partis
382 472 430 539 IV
453 473 528 536 libr.
548 474 568 537 6
592 473 678 536 rubr.
701 472 730 536 3.
1010 518 1013 522 -

328 581 462 647 Catulus
485 584 582 665 poeta
606 602 631 644 e.
651 581 670 644 9
695 575 736 667 (o.
759 577 865 643 LXVI
886 580 927 645 15
939 577 1014 668 sq.):

254 734 258 742 .
326 689 428 753 Estne
458 688 552 752 nouis
580 687 692 773 nuptis
717 686 784 771 [uel
808 686 967 771 ‘nuptiis']
994 686 1067 751 odio
1091 709 1193 751 uenus
1217 691 1313 769 atque

1133 798 1306 879 parentum

381 905 593 970 Frustrautur
619 903 711 967 falsis
740 903 859 988 gaudia
886 901 1064 966 lacrimulis
1089 901 1155 986 [uel
1179 900 1314 985 ‘lachry-

1115 1009 1247 1090 mulis'].

166 1137 290 1215 Quibus
319 1140 358 1203 de
386 1137 545 1220 excerptis
573 1135 791 1217 Baehrensius
823 1140 910 1200 recte
944 1135 1061 1200 statuit
1093 1135 1201 1220 ipsum
1233 1134 1315 1199 Iere-

164 1248 264 1311 miam
292 1245 400 1311 codice
433 1244 542 1329 aliquo
570 1240 754 1308 Catulliana
784 1265 878 1306 usum
907 1244 1080 1307 admodum
1106 1242 1312 1327 inprobabile

166 1377 245 1419 esse.
290 1354 324 1418 id
351 1351 567 1417 demonstrari
595 1354 705 1435 aperte
735 1350 877 1414 numeris
906 1351 1050 1436 capitum
1072 1350 1181 1415 uerbis
1206 1347 1314 1414 Catul-

164 1461 261 1526 lianis
286 1460 429 1526 adiectis.
476 1482 571 1544 quem
595 1458 681 1523 enirn
703 1459 783 1522 bene
803 1480 918 1522 sanum
937 1463 1079 1523 statuere
1097 1481 1193 1542 posse
1212 1457 1312 1522 fuisse
1385 1494 1389 1502 .

161 1568 240 1632 olim
265 1566 387 1634 Catulli
410 1567 554 1633 codicem
577 1567 612 1630 in
636 1567 743 1650 capita
767 1565 929 1630 diuisum?
962 1566 1013 1631 cui
1038 1565 1184 1651 opinioni
1206 1565 1312 1650 ipsam

161 1675 253 1740 illam
276 1675 446 1740 diuisionis
473 1673 740 1759 inaequalitatem
768 1673 885 1738 miram
917 1674 1055 1738 obstare.
1101 1679 1189 1738 reete
1212 1674 1314 1760 igitur

162 1783 380 1849 Baehrensius
401 1782 584 1867 suspicatus
605 1785 654 1845 est
668 1780 839 1845 Ieremiam
855 1779 1040 1846 Catulliana
1059 1804 1118 1846 sua
1136 1781 1312 1866 sumpsisse

162 1913 180 1954 e
204 1896 374 1976 poetarum
396 1890 588 1954 Latinorum
611 1887 772 1974 florilegio
796 1888 936 1971 quodam
961 1890 1137 1954 secundum
1160 1889 1313 1971 materias

160 1998 198 2061 in
225 1998 332 2082 capita
359 1998 543 2063 distributo.
594 1996 706 2060 eodem
736 1995 803 2059 fere
834 2000 980 2080 tempore
1013 1997 1231 2081 compositum
1263 2001 1313 2061 est

80 2168 83 2174 .
161 2105 402 2170 nobilissimum
425 2105 506 2169 illud
530 2104 738 2190 epigramma,
763 2103 848 2188 quod
871 2103 906 2166 in
928 2103 992 2167 fine
1016 2104 1134 2169 codicis
1157 2105 1312 2188 antiquis-

162 2213 239 2277 simi
263 2211 550 2298 Sangermanensis
575 2211 709 2277 a.1375
734 2210 848 2295 scripti
872 2210 1005 2297 legitur:

257 2357 368 2422 Versus
390 2357 509 2421 ctorniui
531 2354 722 2420 Beneuenuti
745 2357 782 2421 cte
807 2353 1015 2437 Occupeuanis
1037 2358 1073 2420 cte
1104 2356 1245 2422 Viccucia

376 2465 413 2528 cte
434 2465 634 2528 resurectione
658 2461 776 2528 Catulli
792 2468 881 2546 poete
909 2463 1099 2528 Veronensis.

324 2591 379 2654 Aa
395 2590 536 2671 patriarn
559 2590 649 2654 uenio
675 2589 774 2671 lenpis
796 2610 817 2652 a
838 2589 953 2671 fiscibus
977 2590 1061 2653 curru

377 2694 480 2761 Causa
503 2697 564 2760 urei
585 2698 701 2760 reditus
723 2697 925 2778 compatriota
946 2695 1018 2776 fuit,

324 2804 445 2870 Scilicet
466 2826 488 2868 a
511 2804 641 2869 calamis
664 2804 774 2868 tribuit
796 2805 846 2868 cui
869 2803 1009 2869 Francia
1031 2824 1150 2888 nomeu,

381 2912 497 2994 Quique
519 2916 607 2976 notat
629 2911 713 2976 turbe
731 2913 934 2994 pretereuntis
957 2913 1021 2976 iter.

325 3018 390 3099 Quo
415 3019 482 3084 licet
504 3020 626 3102 iupenio
648 3024 785 3083 uestrum
807 3018 950 3083 celebrate
972 3017 1138 3097 Catullum,

379 3124 478 3191 Ouius
500 3125 555 3191 sub
578 3127 678 3191 modio
702 3127 808 3190 clausa
827 3126 961 3208 papirus
983 3130 1055 3191 nat.

253 3269 481 3334 Beneuenutus
500 3270 538 3334 de
558 3267 771 3354 Campexanis
794 3269 897 3355 igitur
915 3268 1108 3333 Vicentinus
1132 3269 1228 3334 huius
1248 3271 1313 3356 epi·

165 3377 357 3463 grammatis
380 3382 430 3442 est
454 3382 575 3442 auctor.
621 3399 725 3462 neque
754 3377 840 3441 enim
864 3376 1014 3441 audiendi
1038 3377 1163 3442 codices
1188 3378 1313 3463 aliquot

164 3483 393 3570 recentissimi,
426 3485 481 3569 qui
510 3483 654 3550 Guarino
685 3486 767 3549 illud
799 3485 948 3549 tribuunt
981 3481 1035 3570 (cf.
1064 3484 1155 3551 Ellis.
1180 3486 1228 3549 ed.
1257 3487 1312 3550 alt.

163 3593 287 3678 proleg.
323 3617 353 3678 p.
376 3590 469 3679 XlV3
501 3591 646 3658 Schwab.
675 3594 721 3658 ed.
751 3616 778 3659 a.
808 3594 892 3658 1886
923 3616 953 3677 p.
982 3591 1043 3656 XX
1063 3590 1134 3678 sq).
1188 3592 1312 3676 primus

165 3705 275 3764 autem
292 3699 317 3764 I.
339 3698 376 3763 G.
390 3699 567 3765 Meinertus
589 3701 707 3783 [annal.
726 3699 865 3765 Vindob.
887 3701 971 3765 1831
989 3700 1123 3786 append.
1142 3724 1172 3784 p.
1190 3701 1311 3780 1—17]

164 3808 298 3891 quinam
320 3807 550 3873 Beneuenutus
575 3808 630 3872 ille
654 3807 753 3872 fuerit
775 3830 835 3872 nos
860 3807 998 3872 edocuit.
1043 3806 1129 3870 idem
1153 3812 1203 3870 est
1226 3807 1312 3871 enim

164 3936 261 3998 quem
277 3913 457 3980 Guilelmus
471 3915 701 4002 Pastrengicus
716 3915 839 3980 amicus
853 3919 950 3980 uocat
968 3918 1100 4000 poetam
1120 3918 1152 3978 et
1172 3915 1312 3979 scribam

163 4022 348 4086 mirabilem
376 4044 534 4109 quemque
562 4046 646 4088 anno
672 4026 757 4089 1323
786 4023 911 4088 cuiuis
936 4022 1110 4086 excessisse
1134 4021 1311 4087 Meinertus

163 4130 184 4194 l.
203 4129 224 4194 l.
243 4151 283 4193 ex
301 4128 427 4194 Ferreti
447 4130 621 4215 [Muratori
640 4153 699 4196 rer.
718 4131 790 4198 Ital.
811 4154 870 4197 scr.
890 4130 944 4196 IX.
963 4155 993 4215 p.
1012 4129 1112 4216 1185]
1133 4131 1312 4197 carminum

164 4238 203 4302 de
223 4242 328 4302 morte
346 4237 435 4303 illius
459 4239 713 4325 compositorum
733 4244 849 4323 quarto
870 4239 1042 4303 concludit.
1078 4240 1311 4304 certea.1329

162 4346 231 4411 iam
253 4368 321 4410 nou
343 4345 429 4411 inter
451 4347 545 4412 uiuos
569 4346 641 4412 fuit.
687 4369 725 4413 6ο
750 4347 836 4412 enirn
855 4369 940 4411 anno
959 4351 1108 4411 mortuus
1132 4351 1182 4412 est
1199 4345 1313 4411 Alber-

164 4454 254 4519 tinus
278 4453 444 4520 Mussatus
468 4455 654 4542 Patauium,
682 4456 722 4520 ad
745 4478 841 4540 quem
865 4455 1009 4520 earmina
1030 4455 1088 4520 illa
1110 4457 1148 4519 de
1173 4454 1314 4519 Beneue-
