2954 4958
528 333 812 389 PROLEGOMENA.
1133 335 1250 390 LXXIII

98 493 240 583 Vergilii
268 497 486 562 scholiasta
512 497 736 584 Beruensis‚
770 520 843 563 cum
876 499 917 561 ad
950 481 1066 585 Georg.
1094 498 1249 565 1111289

103 605 142 689 lp.
163 605 228 669 971
250 604 297 668 ed.
316 604 447 690 Hagen]
471 604 550 670 haec
575 627 613 671 ex
635 604 747 670 Iunilii
774 605 1014 670 commentariis
1044 610 1175 691 sumpta
1204 606 1248 671 af-

101 709 185 776 ferat
200 711 343 778 Phaselis
358 733 455 797 penus
467 714 600 778 nauium
615 714 780 796 pictarum.
817 714 896 778 sieut
911 713 1070 796 phasidos
1087 714 1140 779 alte
1162 735 1250 796 quem

100 823 192 887 etant
205 827 349 886 actarum
366 841 427 887 esse
445 823 577 886 muium
591 823 791 906 celerrimum,
814 842 902 904 quem
922 821 1030 887 aaut
1042 821 1147 904 hospes
1166 820 1251 885 Scro-

95 926 208 1014 nas,*)
222 950 334 1013 presse
352 928 419 993 fere
435 928 580 1013 sequitur
592 928 627 993 id
642 929 728 1014 quod
743 929 828 1014 apud
843 927 1008 996 Catullum
1027 928 1063 992 in
1075 939 1106 993 V
1120 927 1249 1013 legitur.

128 1063 131 1067 ·
189 1036 229 1100 In
259 1037 323 1101 fine
355 1035 472 1100 horum
501 1037 770 1122 prolegomenon7
798 1058 879 1120 quae
913 1036 1020 1103 cancri
1051 1035 1088 1099 in
1119 1035 1251 1098 modum

83 1143 285 1229 retrogradi
308 1143 470 1228 permensi
494 1166 605 1208 sumus
629 1143 745 1229 spatia,
767 1166 806 1208 ea
829 1143 949 1209 cursim
976 1141 1120 1209 remetiri
1143 1140 1251 1226 placet

82 1248 147 1314 ita
171 1254 223 1335 ut,
251 1273 331 1334 quas
360 1250 601 1317 uicissitudines
630 1255 739 1316 textus
767 1248 971 1317 Catullianus
997 1250 1072 1314 inde
1101 1249 1142 1313 ab
1171 1248 1252 1313 anti-

78 1357 228 1443 quitate
251 1381 353 1442 usque
378 1359 417 1424 ad
441 1358 539 1423 medii
563 1358 635 1422 aeui
657 1359 756 1423 finem
780 1357 877 1444 obiit,
903 1358 957 1423 hic
981 1357 1041 1423 sub
1069 1378 1134 1423 uno
1158 1355 1252 1440 quasi

79 1469 280 1550 conspectu
308 1465 451 1530 breuiter
480 1488 720 1551 componamus.
766 1465 870 1551 igitur
899 1463 1046 1530 Catulli
1073 1468 1252 1549 poemata

76 1593 246 1637 summo
288 1572 486 1638 hominum
526 1573 661 1638 fauore
704 1577 866 1658 excepta
905 1571 1097 1657 paulatim
1133 1571 1252 1635 libra-

74 1680 247 1744 riorum
271 1680 383 1765 culpa
406 1681 608 1747 admodum
631 1681 814 1746 mendosa
841 1680 948 1745 facta
975 1684 1072 1745 sunt.
1119 1678 1252 1744 arche·

76 1790 218 1872 typus
242 1788 395 1873 quidem
418 1811 549 1852 eorum
572 1788 777 1874 librorum,
803 1788 870 1873 qui
897 1809 997 1853 nunc
1025 1787 1066 1853 in
1093 1808 1253 1872 apogra-

79 1894 189 1978 phis
220 1894 334 1960 nobis
368 1900 595 1982 suppetunt,
625 1897 701 1961 iam
733 1889 868 1961 multis
902 1895 1049 1960 mendis
1081 1894 1253 1961 infectus

83 2007 194 2067 erat.
242 2025 285 2067 ex
318 2025 392 2086 quo
430 2004 585 2069 saeculo
622 2002 704 2085 VIII
742 2026 825 2070 cum
858 2000 1005 2069 (latulli
1038 2025 1063 2067 c.
1092 2001 1184 2066 LXII
1214 2001 1253 2064 in

84 2109 346 2196 florilegium
378 2111 567 2195 quoddam
599 2109 845 2175 Gallicanum
879 2110 1014 2194 fluxit,
1048 2114 1128 2175 tum
1155 2109 1254 2173 inte·

88 2240 212 2303 grum
235 2218 489 2303 apographon
512 2224 571 2284 est
594 2215 748 2284 factum.
787 2215 1121 2287 saeculoVIIIIex
1144 2216 1254 2283 flori·
1295 2214 1297 2218 ’

85 2323 206 2409 legio
234 2324 306 2389 illo
335 2323 540 2390 Gallicano
568 2325 773 2391 Thuaneus
805 2325 920 2391 hodie
948 2329 1148 2410 superstes
1178 2322 1253 2409 [¹1¹]‚

89 2454 142 2495 ex
180 2430 339 2516 integro
376 2431 447 2496 illo
485 2434 710 2518 apographo
752 2433 870 2497 codex
911 2431 1146 2498 Veronensis
1184 2430 1252 2516 [V]

92 2538 324 2623 descriptus
348 2544 414 2603 est.
456 2539 555 2604 hunc
580 2541 750 2605 codicem
769 2538 1030 2605 Veronensem
1050 2560 1148 2605 anno
1172 2537 1253 2602 fere

94 2645 167 2710 965
200 2643 377 2711 Veronae
404 2646 504 2732 legit
531 2646 743 2713 Ratherius
773 2647 994 2733 episcopus3
1025 2646 1125 2712 idem
1152 2645 1254 2710 liber

95 2750 357 2839 Veronensis,
397 2776 480 2819 oum
515 2754 648 2840 paullo
680 2759 771 2841 post
807 2753 1047 2838 delituisset,
1085 2753 1254 2839 complu·

96 2860 211 2925 ribus
235 2860 383 2926 demum
406 2862 575 2928 saeculis
598 2867 688 2947 post
712 2863 836 2931 denuo
859 2866 1038 2948 repertus
1067 2865 1135 2928 est.
1182 2884 1255 2948 qua

97 2968 144 3033 de
172 2990 212 3033 re
240 2968 514 3035 Beneuenutus
543 2971 587 3036 de
615 2967 865 3056 Campexanis
888 2969 1095 3035 Vicetinus
1122 2969 1254 3034 nobile

99 3076 323 3160 composuit
346 3077 588 3163 epigramma.
620 3077 797 3145 Veronae
821 3076 1001 3163 deinceps
1025 3075 1126 3141 uarii
1149 3076 1253 3141 docti

99 3181 197 3246 Itali
221 3183 353 3249 codice
376 3188 467 3251 sunt
490 3185 559 3253 usi.
597 3207 696 3251 anno
718 3186 804 3251 1375
823 3207 867 3251 ex
886 3206 929 3250 eo
953 3184 1172 3269 descriptus
1196 3188 1255 3248 est

101 3289 222 3355 codex
244 3313 344 3357 nune
368 3290 714 3378 Sangermanensis
739 3292 808 3378 [G]
830 3293 1008 3379 idemque
1036 3292 1139 3359 circa
1162 3294 1255 3355 tem·

99 3419 172 3482 pus
196 3397 297 3463 liber
318 3421 419 3466 nune
442 3398 676 3467 Oxoniensis
701 3400 758 3487 [0]
782 3405 819 3466 et
844 3400 914 3467 alii
935 3400 1057 3486 pauci.
1095 3420 1254 3483 quorum

102 3506 415 3591 apographorum
439 3531 480 3572 ca
504 3513 564 3575 est
593 3509 696 3576 ratio
724 3513 815 3574 uto
839 3508 878 3573 id
906 3509 1007 3593 quod
1028 3517 1059 3572 V
1081 3508 1121 3572 in
1143 3511 1254 3575 textu

101 3613 242 3678 habuit
265 3613 501 3683 fidelissime
524 3639 593 3685 nso
611 3617 692 3681 ulla
709 3617 817 3682 facta
835 3615 1147 3700 interpolatione
1169 3636 1254 3699 pro-

101 3722 323 3809 pagauerit3
356 3734 387 3789 G
419 3728 546 3790 autem
578 3747 597 3788 a
630 3746 742 3790 manu
780 3723 948 3789 secunda
984 3721 1119 3787 multis
1154 3721 1253 3789 locis

103 3834 302 3895 correctus
326 3831 388 3898 uel
412 3831 651 3897 coniecturis
675 3853 787 3916 saepe
806 3830 1005 3917 peruersis
1023 3830 1253 3895 immutatus

103 3941 170 4003 est
216 3946 247 4000 V
279 3937 362 4023 ipse
394 3943 485 4024 post
517 3962 544 4005 a.
570 3940 656 4006 1375
684 3939 828 4007 iterum
861 3938 1025 4003 delituit
1055 3958 1176 4021 neque
1210 3936 1254 4001 ad

102 4043 202 4111 hunc
236 4067 358 4130 usque
390 4047 488 4115 diem
521 4047 561 4114 in
592 4047 717 4114 lucem
748 4050 976 4132 protractus
1006 4049 1077 4131 est3
1104 4054 1135 4109 G
1162 4048 1199 4109 et
1226 4055 1254 4110 0

104 4210 314 4219 ———-.---·--—-—-

171 4310 195 4382 ’)
213 4309 338 4364 traditur
356 4312 387 4365 in
406 4312 486 4367 codd.
507 4315 579 4368 sicut
594 4313 732 4382 ptostllae
751 4315 797 4367 ille
822 4329 899 4382 quem
922 4312 1020 4383 optant
1042 4317 1176 4367 eadmero
1200 4328 1254 4366 csse

104 4403 219 4455 maican
237 4402 407 4473 ophetarum
422 4405 583 4473 (celaturam
597 4402 677 4457 Bern.
695 4406 757 4473 167)
776 4421 799 4472 q.
808 4403 833 4456 la
844 4404 868 4456 h.
883 4419 903 4456 s.
919 4405 955 4472 (u.
971 4401 1075 4470 Haupt.
1090 4402 1121 4454 in
1134 4402 1254 4456 Hermae

103 4491 165 4547 tom.
180 4491 234 4546 IIII
248 4497 313 4560 334;
337 4509 380 4562 op.
397 4493 436 4548 III
450 4496 522 4564 479).
