2954 4958
162 302 225 356 XVI
591 296 874 353 PROLEGOMENA.

162 465 366 549 antiquitatis
394 464 603 529 ueneratione
629 485 807 548 paucorum
836 463 1034 528 etiamtunc
1059 463 1307 527 doctorumfla·

162 573 302 658 grabant
325 572 438 658 animi,
464 571 614 657 religioni
642 571 708 635 fere
739 575 809 635 erat
831 575 978 635 ueterum
1002 575 1170 636 auctorum
1194 593 1307 636 recens

163 681 369 745 inuenturum
389 678 574 745 coniectura
596 677 758 743 inmutare
780 677 894 765 uerba3
920 680 1004 743 unde
1025 678 1212 764 apographa
1235 684 1307 744 tum

161 787 316 873 temporis
339 787 426 853 facta
448 786 637 872 plerumque
661 809 734 852 oum
762 786 912 852 castitate
937 787 1075 871 quadam
1099 790 1195 871 atque
1218 809 1308 853 uere·

162 895 279 962 cundia
302 900 378 960 sunt
398 895 560 960 instituta.
606 895 662 961 sed
685 895 771 960 enirn
795 893 923 960 saeculo
941 893 1013 979 XV,
1036 917 1109 958 eum
1133 895 1307 979 antiquita-

33 1059 37 1068 .
161 1002 203 1068 tis
232 1025 323 1069 amor
351 1007 447 1088 atque
475 1003 619 1067 studium
645 1003 680 1066 in
708 1002 775 1068 dies
803 1003 908 1089 magis
930 1002 1146 1067 increbuisset
1169 1025 1306 1088 cumque

161 1111 320 1176 sermonis
349 1111 473 1195 antiqui
502 1111 570 1190 siue
597 1111 701 1176 uincti
731 1111 799 1175 siue
824 1109 923 1175 soluti
944 1110 1121 1196 imaginem
1144 1112 1306 1194 quandam

161 1223 282 1284 certam
307 1219 369 1283 sibi
396 1219 592 1284 formassent
619 1219 766 1284 homines
791 1217 951 1303 simulque
973 1241 1081 1282 rerum
1105 1218 1145 1283 ad
1168 1219 1307 1304 antiqui-

162 1331 264 1391 tatem
286 1325 518 1411 pertinentium
540 1327 693 1392 notitiam
715 1327 915 1412 hausissent,
936 1326 1003 1391 iam
1024 1347 1092 1390 non
1113 1326 1307 1391 uerecundia

161 1433 254 1518 quasi
277 1433 360 1498 muti
389 1438 563 1521 steterunt,
590 1436 646 1499 sed
674 1434 828 1501 scientiae
857 1434 1050 1500 confidentia
1077 1433 1237 1517 simulque
1259 1434 1306 1498 in-

160 1541 292 1627 genium
320 1542 482 1626 experturi
509 1542 667 1630 maculas,
695 1543 811 1627 quibus
839 1547 987 1607 ueterum
1014 1541 1101 1606 dicta
1124 1541 1234 1606 diuina
1257 1542 1308 1606 de-

159 1648 301 1714 formata
322 1648 561 1737 intellexerunt,
584 1651 815 1737 abstergebant
839 1655 936 1733 atque
958 1649 1152 1736 purgabant.
1196 1649 1307 1733 itaque

161 1757 188 1820 si
215 1756 250 1819 in
276 1778 363 1821 noua
391 1757 586 1843 exemplaria
616 1759 767 1843 antiquos
792 1758 920 1829 codices,
941 1756 1216 1841 transcribebant,
1241 1758 1308 1822 iam

162 1886 229 1928 non
254 1864 336 1928 illud
365 1869 434 1929 tum
463 1867 621 1931 curabant
648 1866 725 1931 Itali
752 1871 790 1931 ut
818 1890 856 1932 ea
885 1888 966 1952 quae
997 1865 1033 1930 in
1064 1864 1129 1929 illis
1161 1864 1308 1950 legerant

162 1972 301 2037 fideliter
325 1973 511 2059 redderent,
541 1975 597 2039 sed
619 1979 657 2039 ut
679 1998 739 2060 pro
763 1975 829 2040 suis
854 1975 990 2059 quisque
1013 1972 1139 2038 uiribus
1162 1973 1308 2038 emenda-

165 2079 247 2144 tioni
271 2079 446 2145 studerent.
483 2084 580 2165 atque
602 2081 666 2146 hoc
685 2081 874 2147 emendandi
894 2081 1037 2147 studium
1055 2102 1093 2146 eo
1112 2103 1214 2166 usque
1232 2103 1309 2165 pau-

160 2186 254 2252 latim
281 2187 442 2272 processit
469 2193 507 2252 ut
536 2211 603 2253 non
626 2189 732 2254 solum
755 2193 909 2274 corrupta
932 2192 1097 2275 sanarent,
1125 2189 1181 2253 sed
1209 2188 1306 2253 etiam
1411 2186 1414 2196 '

163 2317 242 2360 sana
265 2301 510 2381 corrumperent
532 2318 592 2381 pro
616 2319 675 2362 suo
698 2296 817 2362 iudicio
842 2319 966 2382 suoque
989 2296 1125 2361 arbitrio
1148 2295 1307 2359 inmutan-

161 2408 225 2490 tes3
252 2407 290 2468 ut
316 2402 398 2468 illud
426 2426 537 2469 secure
564 2404 670 2490 possis
700 2405 869 2470 adfirmare
892 2405 1018 2470 nullum
1040 2404 1128 2468 illius
1152 2402 1308 2487 temporis

162 2510 305 2576 codicem
341 2512 437 2596 plane
484 2535 591 2577 carere
624 2512 782 2577 Italorum
813 2512 1130 2597 interpolationibus.
1194 2511 1310 2594 quodsi

160 2618 333 2702 aliquando
361 2619 463 2684 libros
493 2620 621 2686 saeculo
644 2619 707 2685 XV
731 2624 879 2686 exaratos
901 2620 1086 2684 inuenimus
1108 2618 1212 2683 bonos
1235 2640 1309 2702 pro-

159 2727 298 2812 bosque,
327 2749 346 2790 a
373 2725 552 2813 peregrinis
580 2727 768 2792 hominibus
792 2750 847 2792 eos
871 2728 1010 2814 scriptos
1034 2723 1104 2791 esse
1128 2725 1309 2791 accuratior

159 2832 390 2917 contemplatio
422 2834 610 2919 plerumque
648 2836 748 2901 docet.
798 2836 902 2902 ueluti
937 2836 972 2901 in
1007 2833 1212 2921 panegyricis
1249 2832 1309 2898 La·

160 2938 252 3025 tinis,
281 2962 419 3025 quorum
446 2963 513 3006 non
539 2941 697 3007 habemus
723 2943 788 3008 nisi
816 2944 937 3010 saeculi
966 2941 1029 3008 XV
1061 2941 1201 3027 codices,
1231 2940 1308 3005 libri

160 3046 280 3133 integri
308 3052 341 3112 et
370 3050 410 3113 ab
438 3049 690 3136 interpolatione
717 3047 880 3139 inmunes,
908 3049 1112 3137 Upsaliensis
1140 3053 1173 3114 et
1196 3048 1308 3114 Harle-

162 3155 255 3219 ianus
290 3154 342 3240 [de
375 3180 439 3241 quo
463 3157 502 3223 ef.
534 3181 615 3223 mus,
647 3157 748 3224 Rhen.
776 3158 869 3225 XXX
901 3183 931 3244 p.
954 3157 1038 3244 464]
1045 3211 1054 3244 ,
1086 3181 1105 3222 a
1138 3156 1308 3222 Germanis

159 3263 273 3349 procul
301 3263 401 3328 dubio
425 3269 501 3330 sunt
524 3266 647 3352 scripti,
675 3290 746 3332 cum
775 3272 889 3333 contra
912 3267 1037 3332 codices
1064 3265 1173 3331 Italici
1196 3286 1306 3330 omnes

159 3370 467 3456 interpolationibus
499 3378 644 3438 scateant
672 3397 767 3460 saepe
794 3374 998 3440 foedissimis.
1048 3373 1203 3438 nimirum
1232 3372 1306 3438 Ger-

160 3502 330 3545 manorum
358 3479 564 3564 antiquitatis
594 3481 710 3546 studiis
739 3487 811 3547 tum
836 3504 947 3548 recens
978 3480 1168 3546 inbutorum
1196 3480 1307 3546 eadem

159 3589 194 3652 in
231 3587 448 3653 describendis
487 3586 651 3653 codicibus
692 3589 825 3654 castitas
865 3588 1122 3672 uerecundiaque
1159 3591 1228 3652 erat
1270 3610 1307 3652 ac

162 3805 216 3888 qui
238 3804 320 3869 haec
343 3807 393 3868 est
417 3802 574 3889 condicio,
597 3807 634 3867 ut
658 3803 726 3868 eius
750 3804 932 3869 emendatio
956 3803 1048 3869 libris
1071 3825 1144 3869 mss.
1168 3803 1307 3868 nouiciis

160 3935 200 3976 ex
222 3934 288 3977 uno
312 3911 421 3976 codice
445 3914 575 3975 uetusto
597 3934 683 3976 nunc
708 3911 872 3996 deperdito
896 3910 1051 3996 profectis
1078 3910 1247 3997 innitatur,
1270 3934 1308 3975 ea

160 4019 277 4082 editori
309 4018 413 4102 prima
442 4019 538 4082 debet
565 4041 634 4082 esse
666 4019 719 4083 lex
750 4025 787 4084 ut
820 4020 952 4103 quinam
984 4017 1143 4082 librorum
1174 4017 1306 4083 illorum

160 4125 377 4208 antiquissimi
406 4131 438 4190 et
466 4127 507 4190 ab
534 4125 693 4191 Italorum
725 4127 844 4192 fucatis
876 4127 952 4191 licet
982 4125 1145 4191 interdurn
1177 4125 1305 4190 blandis

159 4232 354 4296 lectionibus
382 4257 478 4317 quam
506 4235 644 4298 maxime
674 4233 740 4299 sint
767 4234 862 4299 liberi
894 4233 1020 4299 sollerti
1052 4236 1145 4298 eruat
1176 4232 1307 4317 indaga-

160 4339 258 4404 tione.
302 4361 378 4402 nam
406 4362 445 4403 ex
471 4340 655 4407 huiusmodi
686 4342 814 4406 demum
838 4341 1034 4427 apographis
1057 4341 1193 4404 uulnera
1215 4339 1305 4404 nullo

159 4445 304 4532 inposito
324 4447 498 4530 emplastro
518 4448 617 4511 cruda
636 4448 863 4514 exhibentibus
880 4449 1003 4514 uetusti
1017 4447 1137 4513 codicis
1151 4445 1306 4511 lectiones
