2970 4958
163 310 240 368 XXX
565 310 848 369 PROLEGOMENA.

251 477 343 542 XXX
368 480 385 542 7
410 498 457 542 me
481 477 637 541 omittunt
660 478 749 543 codd.
773 499 893 543 omnes

251 585 413 650 XXXIIII
436 586 456 649 3
481 607 542 650 om.
566 586 656 650 codd.
681 608 800 650 omnes.

322 746 339 779 ,‚
434 694 614 774 8deposait
635 692 724 758 codd.
749 715 868 757 omnes.

249 799 391 865 XXXVI
415 800 436 865 5
458 801 662 882 dedissempae
685 800 773 864 codd.
798 822 908 864 omnes
931 821 990 883 pro
1014 801 1220 882 desissemque.

314 961 331 993 „
418 907 459 971 10
481 928 512 973 se
535 907 680 971 eddidum
704 911 753 972 est
776 907 811 970 in
835 906 983 971 omnibus
1007 905 1073 970 fere
1097 906 1269 972 codicibus.

314 1064 332 1099 „
419 1015 460 1078 14
483 1015 561 1079 altos
584 1011 679 1102 (alios
701 1011 744 1100 D)
769 1015 858 1079 codd.
883 1036 993 1079 omnes
1016 1035 1076 1098 pro
1101 1014 1220 1097 Golpos.

314 1173 332 1206 „
419 1121 459 1184 19
493 1123 572 1186 iaris
599 1122 651 1185 uel
680 1121 781 1187 tiaris
813 1121 866 1185 uel
899 1123 994 1186 tarmis
1022 1120 1118 1205 (titiis
1144 1120 1187 1208 D)
1216 1121 1305 1185 codd.

494 1249 554 1312 pro
576 1229 669 1293 amis.

252 1333 445 1399 XXXVIIII
464 1335 483 1397 3
507 1355 577 1400 mm
599 1337 712 1400 excitat
735 1332 857 1421 (recitat
873 1332 951 1423 AI.)
970 1341 1074 1400 orator
1092 1335 1181 1400 codd.
1197 1357 1308 1399 omnes

505 1463 565 1526 pro
588 1463 658 1507 eam
676 1448 780 1507 orator
798 1445 909 1508 recitat
926 1439 1079 1528 (correxit
1098 1442 1204 1507 scriba
1225 1442 1310 1507 codi-

506 1549 552 1613 cis
575 1545 696 1634 Alani).

336 1666 370 1741 '„
468 1656 624 1720 9teom.
648 1656 737 1720 codd.
762 1677 881 1721 omnes.

350 1814 368 1849 ,‚
467 1763 507 1828 17
531 1783 562 1828 es
585 1784 647 1827 om.
671 1763 760 1828 codd.
785 1786 904 1828 omnes.

351 1923 368 1955 „
468 1871 507 1934 21
538 1871 617 1935 totas
645 1871 734 1935 codd.
767 1893 878 1935 omnes
912 1870 1036 1935 duobus
1067 1870 1224 1956 exceptis,
1251 1871 1308 1954 qui

534 1978 628 2042 lotam
651 1978 816 2064 praebent,
838 2000 898 2063 pro
920 2001 998 2044 uero
1023 1980 1081 2045 toti.

253 2085 377 2150 XXXX
392 2084 412 2150 5
422 2086 642 2167 peremtorias
652 2082 731 2173 (uno
746 2090 891 2171 excepto,
904 2085 961 2170 qui
968 2086 1152 2170 poemiam
1160 2082 1309 2172 praebet)

392 2245 480 2310 codd.
503 2267 564 2330 pro
582 2247 750 2330 peraeaias
774 2244 899 2333 (ortum
921 2268 961 2311 ex
978 2192 1185 2335 permeaidiri).

253 2352 411 2418 XXXXII
435 2354 454 2418 8
478 2347 894 2441 mirmiae’(miriaiee01·)
920 2354 1008 2420 codd.
1031 2376 1091 2438 pro
1114 2355 1242 2420 mimice.

252 2460 446 2525 XXXXIIII
467 2463 484 2526 7
505 2461 660 2543 atiampae
679 2461 767 2525 codd.
784 2483 895 2525 omnes
911 2461 1028 2526 sinceri
1041 2483 1101 2546 pro
1119 2462 1310 2544 palamque

507 2567 611 2632 eidem
624 2569 769 2652 capreisas
781 2570 842 2633 sim
856 2564 989 2654 (samin)
1005 2590 1065 2653 pro
1075 2570 1179 2652 capati
1193 2570 1309 2634 tussim.

351 2728 368 2760 ‚‚
468 2676 597 2740 emas
624 2680 731 2741 mermi
764 2675 852 2761 codd.
883 2696 967 2739 omn.
996 2674 1113 2740 sinceri
1139 2698 1199 2761 pro
1227 2697 1311 2741 meas

509 2786 621 2846 iiiam.

351 2941 368 2973 ‚,
469 2889 508 2953 11
533 2890 723 2954 miaaatiam
760 2889 848 2954 codd.
877 2912 936 2974 pro
972 2886 1138 2978 (oratione)
1170 2912 1242 2954 -m
1275 2892 1310 2956 ia

531 2997 672 3073 Aatimm.
1298 2976 1305 2993 ⁹

350 3156 368 3189 ,‚
471 3103 512 3167 19
540 3105 645 3168 sestire
670 3124 755 3187 eepso
788 3126 898 3169 omnes
931 3104 1007 3168 libri
1040 3104 1116 3169 sinc.
1144 3126 1204 3188 pro
1231 3103 1312 3170 Sesti

537 3231 663 3293 reeepso.

251 3316 406 3383 XXXXV
430 3318 450 3381 9
474 3317 692 3400 approbatione
715 3319 805 3384 codd.
829 3340 940 3384 omnes
968 3340 1028 3403 pro
1051 3318 1310 3403 approbationem.

253 3424 460 3489 XXXXVIII
482 3425 504 3488 4
526 3426 597 3489 iada
615 3431 748 3490 eorsater
767 3426 856 3490 codd.
881 3448 992 3490 omnes
1010 3448 1069 3510 pro
1088 3427 1199 3491 aidear
1213 3431 1309 3490 satur.

230 3598 232 3604 ,
256 3532 282 3596 L
311 3535 350 3598 12
373 3536 549 3598 amsaretmr
571 3533 661 3597 codd.
684 3555 785 3617 paene
810 3554 920 3598 omnes
943 3555 1002 3618 pro
1026 3554 1166 3599 mersarer
1188 3529 1313 3619 (orium

379 3716 418 3758 ex
439 3639 598 3782 1111311111).

263 3855 281 3888 ‚,
311 3804 350 3868 18
374 3802 493 3868 commis
516 3799 652 3889 (cameris
674 3798 751 3887 AL)
775 3802 864 3866 codd.
887 3823 946 3886 pro
970 3803 1115 3867 comesis.

265 3962 281 3995 „
312 3910 350 3974 19
375 3909 464 3975 ocetlo
488 3910 577 3974 codd.
600 3931 660 3994 pro
683 3909 770 3974 ocelle
793 3905 913 3996 (ocellos
934 3904 991 3995 H).
1032 3921 1036 3926 ’

263 4067 281 4103 ‚,
309 4019 349 4080 21
373 4016 532 4083 mehemeas
554 4017 644 4082 codd.
668 4038 779 4081 omnes
802 4037 861 4100 pro
884 4037 1016 4082 aemms.

261 4122 322 4188 LII
346 4124 366 4189 2
389 4126 501 4189 aomias
524 4120 650 4211 (aeaias
671 4133 710 4208 D,
731 4144 831 4189 aomos
853 4120 930 4211 AL)
954 4122 1043 4188 codd
1066 4144 1126 4206 pro
1150 4124 1283 4188 Nomius.

260 4227 355 4293 LIIII
380 4232 396 4294 1
421 4234 498 4316 post
520 4231 606 4296 hunc
629 4252 759 4295 uersum
782 4235 961 4315 sequuntur
983 4229 1018 4293 in
1046 4229 1195 4294 omnibus
1223 4230 1315 4295 codd.

421 4339 483 4401 duo
502 4360 615 4403 uersus
635 4338 707 4402 ‘hoc
721 4337 857 4402 iocunde
876 4337 937 4401 tibi
955 4358 1072 4421 poema
1094 4337 1165 4423 feci,
1188 4360 1226 4401 ex
1249 4359 1315 4421 quo

334 4477 337 4482 ·
421 4445 617 4529 perspiceres
632 4468 740 4510 meum
760 4444 914 4510 dolorem’
931 4467 968 4508 ex
979 4456 1005 4509 L
1027 4446 1067 4510 16
1078 4449 1111 4508 et
1123 4448 1161 4509 11
1174 4445 1312 4529 repetiti.
