2954 4958
577 315 861 371 PROLEGOMENA.
1241 310 1294 366 VII

149 480 260 545 tenuia
277 480 364 544 idem
377 479 511 544 Ellisius
526 482 545 548 l.
560 482 581 545 l.
598 505 630 565 p.
644 479 727 546 VIII
737 503 782 565 sq.
803 481 974 566 diligenter
988 478 1160 565 congessit.
1188 499 1292 560 neque

149 592 258 672 potest
286 587 428 652 dubitari
461 588 540 670 quin
566 587 741 653 Rathen'us
769 586 890 653 Catulli
916 589 1037 653 librum
1065 585 1228 670 Veronae,
1259 588 1293 648 et

149 696 185 759 in
211 696 282 779 ipsa
310 695 439 779 quidem
462 695 615 760 ecclesiae
639 695 832 760 cathedralis
856 695 1055 759 bibliotheca
1078 692 1295 777 celeberrima,

150 801 341 886 reppererit3
381 802 466 885 quod
502 793 546 865 ut
569 802 641 885 ipsa
672 801 760 866 illius
793 801 893 864 uerba
925 822 1021 883 quam
1053 799 1294 864 accuratissime

150 931 321 994 perpensa,
348 913 418 973 tum
445 931 522 972 uero
549 908 752 973 Beneuenuti
779 908 991 993 epigramma,
1018 908 1056 971 de
1080 929 1145 992 quo
1169 906 1294 972 dicendi

152 1039 228 1081 mox
255 1016 386 1080 dabitur
417 1016 521 1100 loona,
552 1016 622 1079 ueri
653 1016 791 1080 reddunt
819 1014 1028 1079 simillimum.
1077 1037 1181 1100 neque
1209 1018 1295 1079 recte

153 1128 301 1188 statuunt
323 1122 502 1208 Hauptius,
529 1123 584 1207 qui
610 1123 680 1207 ipse
703 1122 907 1207 probabilius
930 1144 999 1187 esse
1022 1121 1215 1186 lietherium
1238 1120 1296 1187 Oa-

152 1231 225 1295 tulli
248 1230 378 1315 librum,
399 1253 465 1294 non
487 1230 608 1295 lectum
627 1254 647 1295 a
670 1253 703 1296 se
722 1235 825 1315 antea,
843 1229 992 1295 Veronae
1010 1229 1173 1294 inuenisse
1193 1231 1297 1314 docet,

154 1341 291 1423 [quaest.
320 1335 390 1402 eat.
412 1361 441 1421 p.
461 1339 496 1423 43
524 1337 724 1422 op.12sq.]
757 1338 970 1423 Ellisiusque,
1000 1336 1147 1421 potuisse
1176 1336 1297 1401 Rathe-

153 1445 238 1509 rium
261 1468 299 1509 ex
324 1443 430 1508 Gallia
452 1444 505 1508 uel
528 1445 636 1528 aliqua
658 1445 773 1509 Italiae
795 1446 875 1509 urbe
900 1443 1020 1509 Catulli
1043 1443 1164 1509 librum
1188 1467 1297 1510 secum

150 1553 313 1617 Veronam
336 1556 493 1636 portasse.
538 1574 615 1616 nam
643 1553 671 1617 si
694 1553 838 1618 codicem
860 1552 954 1617 illum
977 1552 1106 1616 aliunde
1130 1575 1240 1618 secum
1262 1551 1297 1615 in

149 1660 290 1745 patriam
312 1659 516 1744 rettulisset,
536 1682 562 1724 a.
582 1660 662 1745 965,
690 1683 763 1726 cum
790 1661 856 1724 iam
880 1660 1127 1744 quadriennium
1149 1658 1298 1723 Veronae
1422 1683 1425 1688 ⁴

151 1767 425 1851 commorabatur,
458 1788 492 1830 se
526 1763 690 1832 Catullum
722 1789 899 1851 numquam
932 1771 1028 1831 antea
1060 1789 1080 1831 a
1110 1788 1145 1830 se
1178 1766 1299 1831 lectum

149 1876 290 1960 primum
322 1872 440 1958 legisse
475 1873 579 1939 dicere
612 1897 679 1939 non
714 1875 823 1960 potuit
857 1872 911 1961 (ef.
942 1869 1058 1961 Vogel.
1081 1875 1102 1938 l.
1125 1870 1170 1960 1.).
1224 1878 1301 1958 post

149 1981 342 2046 Ratherium
370 1984 481 2061 autem
506 2003 608 2064 usque
640 1982 680 2046 ad
704 1980 824 2046 saeculi
846 1981 946 2047 XIIII
969 1982 1100 2047 initium
1123 2004 1219 2046 nemo
1244 1978 1302 2045 Oa-

150 2089 224 2154 tulli
247 2089 367 2153 librum
389 2087 459 2172 ipse
486 2089 605 2173 legIsse
632 2088 771 2154 uidetur.
816 2089 1034 2155 incertissima
1064 2090 1193 2174 quidem
1217 2093 1302 2174 sunt,

152 2219 234 2281 quae
257 2196 319 2260 viri
343 2195 430 2259 docti
454 2195 595 2281 uestigia
618 2196 767 2261 lectionis
788 2195 991 2262 Catullianae
1011 2221 1050 2262 ex
1067 2198 1200 2261 illorum
1223 2201 1303 2261 tem-

153 2327 268 2389 porum
300 2302 513 2386 scriptoribus
547 2302 720 2389 diligenter
754 2304 964 2391 collegerunt.
1020 2309 1117 2388 atque
1148 2304 1212 2388 ipsi
1243 2304 1304 2388 illi,

153 2410 208 2494 qui
240 2409 293 2474 hie
324 2408 392 2473 illic
425 2410 553 2496 singula
580 2412 681 2476 uerba
708 2411 760 2475 uel
788 2416 877 2476 totos
908 2413 997 2477 locos
1026 2435 1065 2476 ex
1094 2408 1223 2474 Catullo
1252 2412 1304 2474 de-

153 2520 321 2602 promptos
353 2516 524 2602 indagasse
557 2517 621 2582 sibi
648 2518 712 2582 uisi
741 2523 831 2602 sunt,
863 2541 901 2582 ea
931 2541 999 2582 non
1026 2523 1094 2582 tam
1122 2523 1233 2604 aperte
1263 2518 1303 2582 ad

155 2623 320 2689 Catullum
351 2623 526 2707 pertinere,
558 2624 636 2708 quin
664 2624 791 2689 aliunde
825 2625 964 2689 deriuari
995 2624 1176 2711 potuerint,
1208 2625 1302 2690 facile

154 2734 334 2799 concedunt
365 2728 420 2818 (cf.
452 2732 544 2795 Ellis.
574 2733 649 2796 edit.
682 2733 815 2797 alterius
848 2757 878 2817 p.
905 2731 954 2796 IX
972 2729 1042 2820 sq).
1095 2732 1303 2797 contulerunt

155 2846 265 2906 autem
286 2838 438 2904 Guilelmi
457 2837 766 2926 Malmesburiensis,
793 2840 849 2926 qui
873 2840 1001 2905 circiter
1025 2862 1052 2903 a.
1073 2839 1160 2905 1140
1183 2840 1304 2925 floruit,

154 2950 256 3013 uerba
278 2947 324 3029 (II
347 2950 366 3027 ξ
388 2943 466 3032 159)
490 2946 663 3031 ‘uirginem
686 2969 764 3011 sane
790 2970 850 3012 nec
872 2946 1091 3032 inelegantem
1119 2969 1179 3012 nec
1202 2946 1304 3030 illepi-

156 3055 241 3120 dam'
275 3077 349 3120 cum
377 3051 497 3118 Catulli
527 3077 553 3119 e.
576 3053 647 3118 X3
671 3058 704 3118 et
726 3055 762 3139 43
795 3053 941 3118 Gualteri
969 3052 1193 3118 Alexandreid.
1222 3054 1305 3119 VIII

157 3186 287 3227 uersum
307 3161 372 3227 385
401 3161 459 3225 ‘sic
487 3183 615 3246 quoque
644 3161 748 3225 multa
778 3161 883 3245 cupis¹
898 3184 979 3246 quae
1006 3182 1074 3224 non
1101 3161 1203 3246 capis'
1231 3184 1306 3226 cum

157 3267 278 3332 Catulli
311 3291 337 3333 o.
364 3267 440 3332 LXI
469 3269 531 3333 197
565 3269 670 3353 ‘quod
708 3268 799 3352 cupis
833 3268 921 3352 capis
955 3265 1060 3355 (codd.
1093 3265 1305 3356 deteriores)’.

156 3376 294 3440 Ioannes
320 3374 566 3440 Sarisberiensis
590 3374 629 3463 (†
648 3400 675 3441 a.
692 3373 792 3463 1182)
816 3375 851 3439 in
873 3375 1068 3461 metalogiae
1091 3376 1111 3439 l.
1134 3375 1306 3440 124111-

158 3506 230 3547 sum
263 3480 383 3547 Catulli
417 3482 549 3547 ‘munus
582 3484 638 3547 dat
670 3484 733 3548 tibi
767 3482 857 3549 Sulla
893 3482 1058 3547 literator’
1092 3480 1132 3570 (c.
1151 3483 1252 3548 XIIII
1271 3480 1306 3570 9)

157 3590 282 3675 laudat,
310 3612 406 3674 quem
434 3613 474 3654 ex
499 3589 662 3655 Martiano
687 3590 819 3676 Capella
847 3592 1033 3675 depromere
1056 3591 1174 3675 potuit.
1219 3596 1306 3656 certe

157 3695 315 3762 Nicolaus
333 3696 484 3761 Triuetus
504 3694 539 3783 (†
559 3720 584 3762 a.
604 3694 714 3784 1328),
737 3698 846 3781 quiin
865 3697 1097 3763 commentario
1116 3699 1157 3762 ad
1175 3697 1307 3762 Boethii

158 3804 278 3870 consol.
302 3802 394 3868 1114
417 3804 457 3868 ad
472 3802 593 3868 Catulli
617 3827 641 3869 c.
660 3804 723 3869 LII
743 3806 762 3868 2
787 3805 911 3890 alludit,
934 3828 973 3869 ex
994 3805 1066 3890 ipso
1090 3805 1229 3869 Boethio
1249 3828 1308 3869 sua

157 3912 263 3997 pet''t.
308 3909 423 3995 Neque
447 3910 526 3974 satis
551 3915 694 3996 constat,
721 3913 805 3976 unde
829 3912 936 3976 scriba
960 3911 1079 3976 codicis
1103 3908 1307 3976 Coloniensis

160 4021 224 4084 202
245 4015 339 4106 (olim
352 4014 643 4104 Darmstadiensis)
663 4018 822 4083 Prisciani
843 4041 923 4083 saec.
939 4018 987 4082 XI
1007 4019 1208 4086 Genialem
1225 4019 1307 4083 illud

158 4125 244 4214 (Cat.
269 4124 428 4189 XXXVII
448 4122 504 4212 18)
528 4126 718 4212 eorrexerIt3
744 4150 821 4191 nam
849 4149 923 4191 cum
952 4125 1050 4191 ceteri
1073 4125 1233 4191 Prisciani
1257 4150 1308 4191 co-

160 4235 246 4299 dices
274 4231 400 4297 V1122
429 4231 660 4297 ‘Celtiberosae
690 4231 883 4298 Celtiberiae
907 4232 965 4297 fili’
995 4234 1139 4319 tradant,
1170 4257 1253 4298 unus
1283 4257 1309 4300 c.

160 4339 364 4406 Coloniensis
388 4362 504 4404 uerum
527 4337 751 4405 ‘cuniculosae
772 4339 805 4406 O.
825 4340 859 4406 f.'
882 4341 991 4426 habet,
1014 4363 1111 4424 quam
1134 4340 1308 4406 lectionem

160 4449 300 4515 scribam
334 4470 372 4511 ex
401 4444 521 4510 Catulli
555 4446 663 4512 codice
697 4449 836 4531 quodam
870 4449 1086 4534 desumpsisse
1119 4446 1307 4513 Schwabius
