2954 4958
158 317 271 371 LXXVI
586 317 869 373 PROLEGOMENA.

159 482 329 545 doctorum
352 480 387 544 in
410 477 575 545 Catullum
598 483 800 546 coniecturas
820 486 857 545 ut
876 501 1164 546 commemorarem
1183 499 1308 563 omnes,

159 611 178 652 a
201 610 252 652 me
275 587 450 671 impetrare
469 589 587 673 nequii.
622 589 700 673 quid
718 589 804 653 enim
822 587 938 652 harum
956 588 1140 652 litterarum
1159 586 1309 671 interest,

157 693 376 759 insulsissima
400 718 544 779 quaeque
567 696 702 761 inuenta
725 719 925 780 quorumque
944 696 1141 780 prauitatem
1165 693 1310 761 certissi-

148 787 221 865 mis
251 801 349 866 liceat
378 802 568 868 conuincere
597 804 797 891 argumentis
825 803 916 868 inani
944 803 1116 868 sedulitate
1150 800 1310 887 congeri?

157 908 268 992 itaque
308 931 374 973 non
399 910 517 974 'attuli
567 911 632 976 nisi
679 934 760 997 quae
817 911 1123 977 commemoratione
1172 908 1311 973 omnino

160 1015 259 1102 digna
281 1021 397 1081 essent.
434 1017 470 1081 in
493 1023 651 1103 apparatu
675 1019 788 1083 critico
811 1019 891 1084 haec
918 1018 1023 1103 prima
1051 1017 1132 1082 mihi
1160 1017 1213 1080 lex
1239 1020 1313 1080 erat

159 1128 197 1187 ut
229 1146 340 1188 omnes
370 1123 528 1190 librorum
558 1135 694 1192 'PGOM
722 1125 900 1211 scripturas
933 1149 1030 1212 quam
1063 1123 1312 1190 accuratissime

159 1231 385 1317 adscrihemm,
406 1237 587 1298 ceterorum
612 1233 759 1299 codicum
782 1233 938 1298 lectiones
968 1234 1103 1298 selectas
1132 1232 1313 1316 adicerem3

161 1360 257 1422 quam
287 1340 393 1425 legem
422 1339 485 1404 nisi
518 1340 553 1404 in
585 1341 813 1406 minutissimis
842 1341 1034 1424 quibusdam
1061 1362 1128 1405 non
1155 1337 1312 1424 migraui.

158 1446 244 1511 inter
273 1469 353 1531 quae
381 1446 584 1514 referendum
612 1455 663 1514 est
691 1450 776 1533 quod
804 1470 819 1514 c
846 1470 906 1533 pro
933 1471 971 1515 oc
997 1449 1032 1512 in
1058 1458 1089 1513 V
1117 1450 1313 1512 constanter

160 1554 319 1638 scriptum
355 1554 419 1619 nisi
450 1556 485 1620 in
517 1556 712 1621 lectionibus
746 1579 784 1621 ex
821 1578 859 1620 co
892 1556 1000 1621 allatis
1036 1576 1104 1619 non
1141 1553 1313 1618 adnotaui.

160 1662 273 1726 deinde
287 1685 423 1747 prauam
438 1665 612 1729 uerborum
627 1664 870 1729 distinctionem
884 1662 1003 1748 ubique
1024 1664 1179 1728 adnotare
1199 1683 1315 1746 super-

142 1770 261 1834 'fiuum
284 1775 335 1835 est
358 1770 478 1835 uisum:
503 1794 567 1856 qua
590 1773 628 1836 de
652 1794 686 1836 re
709 1771 763 1836 hic
787 1771 887 1835 semel
906 1772 1053 1835 monebo,
1086 1770 1197 1853 itaque
1223 1774 1258 1833 et
1276 1769 1314 1832 in

160 1887 187 1941 0
211 1882 245 1942 et
266 1877 301 1941 in
324 1888 355 1943 G
376 1879 634 1964 praepositiones
659 1877 847 1964 saepissime
872 1902 945 1943 cum
970 1879 1098 1944 casibus
1127 1882 1206 1942 sunt
1237 1899 1314 1941 con-

158 1985 301 2071 iunctae,
328 1990 366 2051 ut
393 1989 542 2072 acrama,
570 1990 738 2072 0001111100,
761 1989 966 2065 laceramine,
989 1987 1085 2071 afore,
1108 1987 1306 2059 irthremoa

158 2095 315 2178 admitted,
335 2093 411 2179 alia3
433 2093 611 2178 itidemque
629 2115 724 2160 uoces
744 2094 928 2179 nonnullae,
945 2093 980 2156 in
998 2103 1029 2158 G
1047 2091 1197 2177 maxime,
1220 2091 1312 2157 haud

158 2222 233 2264 raro
257 2200 411 2286 diuolsae‚
433 2206 471 2265 ut
489 2203 524 2266 iu
542 2203 651 2281 tritum,
675 2204 709 2267 tu
727 2203 893 2280 commodo,
912 2203 955 2266 ud
970 2202 1081 2284 ultera,
1105 2199 1177 2264 alia.
1209 2221 1311 2284 porro

159 2307 256 2372 nictu
287 2313 320 2372 et
350 2309 444 2374 michi
473 2309 508 2373 in
541 2320 572 2375 G
603 2309 670 2374 fere
703 2332 830 2394 semper
862 2309 1018 2393 scriptum
1052 2306 1171 2394 (rarius
1203 2307 1241 2371 in
1273 2319 1311 2392 0,

160 2414 279 2499 quippe
307 2416 363 2501 qui
389 2417 449 2481 has
477 2417 611 2481 uoculas
643 2415 869 2501 compendiose
901 2417 1091 2500 plerumque
1124 2413 1310 2500 scripserit)

158 2545 226 2587 non
249 2525 502 2589 commemoraui
525 2524 654 2609 ubique.
682 2523 819 2609 denique
843 2523 994 2608 uulgaria
1017 2521 1199 2605 scripturae
1224 2544 1311 2589 com-

158 2630 276 2715 pendia
297 2632 486 2716 plerumque
509 2632 652 2717 neglexi3
675 2630 902 2715 compendium
932 2634 1041 2694 autem
1064 2650 1096 2692 m
1119 2633 1153 2693 et
1176 2651 1199 2694 rc
1223 2630 1311 2693 litte-

159 2738 304 2802 rularum
328 2761 454 2823 semper
470 2777 510 2786 —
526 2739 718 2825 significem,
740 2739 818 2804 licet
836 2739 932 2802 huius
955 2739 1028 2803 loco
1051 2737 1219 2801 interdum
1239 2737 1309 2801 siue

158 2846 193 2909 in
216 2856 247 2911 G
270 2846 338 2909 siue
361 2847 396 2911 in
424 2858 451 2912 0
464 2855 478 2869 ”
506 2846 700 2911 inueniatur.
745 2868 849 2931 neque
882 2850 933 2910 est
965 2845 1050 2930 quod
1082 2843 1164 2909 haec
1198 2846 1308 2909 omnia

158 2952 306 3037 pluribus
330 2952 507 3017 defendam.
