<?xml version="1.0" encoding="UTF-8"?>
<!DOCTYPE html PUBLIC "-//W3C//DTD XHTML 1.0 Transitional//EN"
    "http://www.w3.org/TR/xhtml1/DTD/xhtml1-transitional.dtd">
<html xmlns="http://www.w3.org/1999/xhtml" xml:lang="en" lang="en">
 <head>
  <title>
</title>
<meta http-equiv="Content-Type" content="text/html;charset=utf-8" />
  <meta name='ocr-system' content='tesseract 3.04.00' />
  <meta name='ocr-capabilities' content='ocr_page ocr_carea ocr_par ocr_line ocrx_word'/>
</head>
<body>
  <div class='ocr_page' id='page_1' title='image "./catulliliber00baehgoog_0087.png"; bbox 0 0 2954 4958; ppageno 0'>
   <div class='ocr_carea' id='block_1_1' title="bbox 623 112 808 167">
    <p class='ocr_par' dir='ltr' id='par_1_1' title="bbox 623 112 808 167">
     <span class='ocr_line' id='line_1_1' title="bbox 623 112 808 167; baseline 0.005 -1"><span class='ocrx_word' id='word_1_1' title='bbox 623 112 808 167; x_wconf 79' lang='lat' dir='ltr'><strong>CATULLUS</strong></span> 
     </span>
    </p>
   </div>
   <div class='ocr_carea' id='block_1_2' title="bbox 319 270 1086 701">
    <p class='ocr_par' dir='ltr' id='par_1_2' title="bbox 355 270 1081 377">
     <span class='ocr_line' id='line_1_2' title="bbox 355 270 1081 377; baseline 0.01 -42"><span class='ocrx_word' id='word_1_2' title='bbox 355 270 493 357; x_wconf 77' lang='lat' dir='ltr'>Corneli,</span> <span class='ocrx_word' id='word_1_3' title='bbox 516 274 591 338; x_wconf 90' lang='lat' dir='ltr'>tibi:</span> <span class='ocrx_word' id='word_1_4' title='bbox 614 296 753 357; x_wconf 89' lang='lat' dir='ltr'>namque</span> <span class='ocrx_word' id='word_1_5' title='bbox 778 281 814 340; x_wconf 92' lang='lat' dir='ltr'>tu</span> <span class='ocrx_word' id='word_1_6' title='bbox 838 276 966 340; x_wconf 90' lang='lat' dir='ltr'>solebas</span> <span class='ocrx_word' id='word_1_7' title='bbox 1075 354 1081 377; x_wconf 50' lang='grc'><strong><em>1</em></strong></span> 
     </span>
    </p>

    <p class='ocr_par' dir='ltr' id='par_1_3' title="bbox 319 372 1086 553">
     <span class='ocr_line' id='line_1_3' title="bbox 353 372 1071 467; baseline 0.006 -24"><span class='ocrx_word' id='word_1_8' title='bbox 353 378 443 443; x_wconf 88' lang='lat' dir='ltr'>Meas</span> <span class='ocrx_word' id='word_1_9' title='bbox 467 402 536 443; x_wconf 88' lang='lat' dir='ltr'>esse</span> <span class='ocrx_word' id='word_1_10' title='bbox 561 380 683 463; x_wconf 77' lang='lat' dir='ltr'><strong>ahquid</strong></span> <span class='ocrx_word' id='word_1_11' title='bbox 705 386 821 464; x_wconf 91' lang='lat' dir='ltr'>putare</span> <span class='ocrx_word' id='word_1_12' title='bbox 844 404 959 467; x_wconf 75' lang='lat' dir='ltr'>nugas,</span> <span class='ocrx_word' id='word_1_13' title='bbox 1005 396 1008 401; x_wconf 83' lang='lat'>&#39;</span> <span class='ocrx_word' id='word_1_14' title='bbox 1056 372 1071 396; x_wconf 63' lang='lat'><strong>²</strong></span> 
     </span>
     <span class='ocr_line' id='line_1_4' title="bbox 319 486 1086 553; baseline 0.004 -3"><span class='ocrx_word' id='word_1_15' title='bbox 319 486 424 550; x_wconf 80' lang='lat' dir='ltr'>olam</span> <span class='ocrx_word' id='word_1_16' title='bbox 448 490 519 549; x_wconf 86' lang='lat' dir='ltr'>tum</span> <span class='ocrx_word' id='word_1_17' title='bbox 543 509 616 550; x_wconf 91' lang='lat' dir='ltr'>cum</span> <span class='ocrx_word' id='word_1_18' title='bbox 641 509 738 551; x_wconf 89' lang='lat' dir='ltr'>ausus</span> <span class='ocrx_word' id='word_1_19' title='bbox 763 510 796 551; x_wconf 90' lang='lat' dir='ltr'>es</span> <span class='ocrx_word' id='word_1_20' title='bbox 820 510 903 552; x_wconf 93' lang='lat' dir='ltr'>unus</span> <span class='ocrx_word' id='word_1_21' title='bbox 926 487 1086 553; x_wconf 89' lang='lat' dir='ltr'>Italorum</span> 
     </span>
    </p>

    <p class='ocr_par' dir='ltr' id='par_1_4' title="bbox 353 591 1042 701">
     <span class='ocr_line' id='line_1_5' title="bbox 353 591 1042 701; baseline 0.009 -46"><span class='ocrx_word' id='word_1_22' title='bbox 353 591 455 656; x_wconf 84' lang='lat' dir='ltr'><strong>Omne</strong></span> <span class='ocrx_word' id='word_1_23' title='bbox 480 614 596 656; x_wconf 88' lang='lat' dir='ltr'>aeuum</span> <span class='ocrx_word' id='word_1_24' title='bbox 619 593 724 656; x_wconf 90' lang='lat' dir='ltr'>tribus</span> <span class='ocrx_word' id='word_1_25' title='bbox 749 594 918 695; x_wconf 71' lang='lat' dir='ltr'>explicare¹</span> <span class='ocrx_word' id='word_1_26' title='bbox 929 596 1042 701; x_wconf 67' lang='lat' dir='ltr'>partis,</span> 
     </span>
    </p>
   </div>
   <div class='ocr_carea' id='block_1_3' title="bbox 308 698 1056 784">
    <p class='ocr_par' dir='ltr' id='par_1_5' title="bbox 308 696 1056 784">
     <span class='ocr_line' id='line_1_6' title="bbox 308 698 1056 784; baseline -0.021 -17"><span class='ocrx_word' id='word_1_27' title='bbox 308 768 310 773; x_wconf 80' lang='grc'><strong>,</strong></span> <span class='ocrx_word' id='word_1_28' title='bbox 352 698 478 781; x_wconf 80' lang='lat' dir='ltr'>Doctis,</span> <span class='ocrx_word' id='word_1_29' title='bbox 502 698 635 784; x_wconf 79' lang='lat' dir='ltr'>Iupiter,</span> <span class='ocrx_word' id='word_1_30' title='bbox 659 703 691 763; x_wconf 94' lang='lat' dir='ltr'>et</span> <span class='ocrx_word' id='word_1_31' title='bbox 714 701 895 766; x_wconf 78' lang='lat' dir='ltr'>laboriosis,</span> <span class='ocrx_word' id='word_1_32' title='bbox 1000 704 1019 717; x_wconf 84' lang='lat'>¹·</span> <span class='ocrx_word' id='word_1_33' title='bbox 1053 700 1056 705; x_wconf 87' lang='lat'>&#39;</span> 
     </span>
    </p>
   </div>
   <div class='ocr_carea' id='block_1_4' title="bbox 31 770 1455 899">
    <p class='ocr_par' dir='ltr' id='par_1_6' title="bbox 31 766 1455 917">
     <span class='ocr_line' id='line_1_7' title="bbox 31 770 1455 899; baseline -0.048 -10"><span class='ocrx_word' id='word_1_34' title='bbox 31 770 36 781; x_wconf 39' lang='grc' dir='ltr'>Ι</span> <span class='ocrx_word' id='word_1_35' title='bbox 136 892 139 899; x_wconf 42' lang='grc'>,</span> <span class='ocrx_word' id='word_1_36' title='bbox 213 804 263 841; x_wconf 62' lang='grc'>’“”’</span> <span class='ocrx_word' id='word_1_37' title='bbox 314 795 455 880; x_wconf 34' lang='lat' dir='ltr'>‘Quare</span> <span class='ocrx_word' id='word_1_38' title='bbox 479 805 563 869; x_wconf 92' lang='lat' dir='ltr'>habe</span> <span class='ocrx_word' id='word_1_39' title='bbox 587 807 649 870; x_wconf 92' lang='lat' dir='ltr'>tibi</span> <span class='ocrx_word' id='word_1_40' title='bbox 666 786 829 892; x_wconf 61' lang='lat' dir='ltr'>{quicquid</span> <span class='ocrx_word' id='word_1_41' title='bbox 851 809 914 899; x_wconf 75' lang='lat' dir='ltr'>hee</span> <span class='ocrx_word' id='word_1_42' title='bbox 939 809 1074 894; x_wconf 34' lang='lat' dir='ltr'>libellis</span> <span class='ocrx_word' id='word_1_43' title='bbox 1097 816 1117 825; x_wconf 95' lang='lat'>··</span> <span class='ocrx_word' id='word_1_44' title='bbox 1331 874 1346 885; x_wconf 36' lang='lat'>⁸</span> <span class='ocrx_word' id='word_1_45' title='bbox 1452 800 1455 821; x_wconf 79' lang='grc'>,</span> 
     </span>
    </p>
   </div>
   <div class='ocr_carea' id='block_1_5' title="bbox 300 906 1041 1104">
    <p class='ocr_par' dir='ltr' id='par_1_7' title="bbox 300 906 1041 1104">
     <span class='ocr_line' id='line_1_8' title="bbox 352 906 1041 1002; baseline 0.009 -27"><span class='ocrx_word' id='word_1_46' title='bbox 352 908 592 996; x_wconf 79' lang='lat' dir='ltr'>Qualecumque</span> <span class='ocrx_word' id='word_1_47' title='bbox 616 906 711 999; x_wconf 83' lang='lat' dir='ltr'>quod,</span> <span class='ocrx_word' id='word_1_48' title='bbox 734 936 751 979; x_wconf 91' lang='lat' dir='ltr'>o</span> <span class='ocrx_word' id='word_1_49' title='bbox 773 919 913 999; x_wconf 89' lang='lat' dir='ltr'>patrona</span> <span class='ocrx_word' id='word_1_50' title='bbox 936 907 1041 1002; x_wconf 86' lang='lat' dir='ltr'>uirgo,</span> 
     </span>
     <span class='ocr_line' id='line_1_9' title="bbox 300 1018 985 1104; baseline 0.006 -22"><span class='ocrx_word' id='word_1_51' title='bbox 300 1037 331 1083; x_wconf 86' lang='lat'>10</span> <span class='ocrx_word' id='word_1_52' title='bbox 350 1018 428 1081; x_wconf 89' lang='lat' dir='ltr'>Plus</span> <span class='ocrx_word' id='word_1_53' title='bbox 452 1040 517 1082; x_wconf 92' lang='lat' dir='ltr'>uno</span> <span class='ocrx_word' id='word_1_54' title='bbox 542 1025 671 1085; x_wconf 88' lang='lat' dir='ltr'>maneat</span> <span class='ocrx_word' id='word_1_55' title='bbox 694 1043 845 1104; x_wconf 83' lang='lat' dir='ltr'>peremne</span> <span class='ocrx_word' id='word_1_56' title='bbox 869 1021 985 1087; x_wconf 89' lang='lat' dir='ltr'>saeclo.</span> 
     </span>
    </p>
   </div>
   <div class='ocr_carea' id='block_1_6' title="bbox 688 1234 1437 1333">
    <p class='ocr_par' dir='ltr' id='par_1_8' title="bbox 688 1234 1437 1333">
     <span class='ocr_line' id='line_1_10' title="bbox 688 1234 1437 1333; baseline -0.005 -10"><span class='ocrx_word' id='word_1_57' title='bbox 688 1234 731 1298; x_wconf 84' lang='grc' dir='ltr'>Π·</span> <span class='ocrx_word' id='word_1_58' title='bbox 1287 1262 1317 1323; x_wconf 71' lang='lat' dir='ltr'>,r</span> <span class='ocrx_word' id='word_1_59' title='bbox 1404 1258 1437 1333; x_wconf 77' lang='lat' dir='ltr'><strong><em>s</em></strong></span> 
     </span>
    </p>
   </div>
   <div class='ocr_carea' id='block_1_7' title="bbox 186 1341 1319 1535">
    <p class='ocr_par' dir='ltr' id='par_1_9' title="bbox 186 1341 1319 1535">
     <span class='ocr_line' id='line_1_11' title="bbox 316 1341 1319 1447; baseline -0.007 -41"><span class='ocrx_word' id='word_1_60' title='bbox 316 1428 319 1439; x_wconf 41' lang='grc' dir='ltr'>Ι</span> <span class='ocrx_word' id='word_1_61' title='bbox 351 1341 477 1426; x_wconf 86' lang='lat' dir='ltr'>Passer,</span> <span class='ocrx_word' id='word_1_62' title='bbox 501 1342 634 1437; x_wconf 80' lang='lat' dir='ltr'>deliciae</span> <span class='ocrx_word' id='word_1_63' title='bbox 658 1364 747 1406; x_wconf 93' lang='lat' dir='ltr'>meae</span> <span class='ocrx_word' id='word_1_64' title='bbox 771 1341 907 1427; x_wconf 84' lang='lat' dir='ltr'>puellae,</span> <span class='ocrx_word' id='word_1_65' title='bbox 1176 1418 1179 1425; x_wconf 33' lang='grc' dir='ltr'>Ι</span> <span class='ocrx_word' id='word_1_66' title='bbox 1191 1360 1319 1447; x_wconf 42' lang='lat' dir='ltr'>(me</span> 
     </span>
     <span class='ocr_line' id='line_1_12' title="bbox 186 1438 1142 1535; baseline -0.003 -22"><span class='ocrx_word' id='word_1_67' title='bbox 186 1512 190 1521; x_wconf 78' lang='grc'>,</span> <span class='ocrx_word' id='word_1_68' title='bbox 228 1474 234 1481; x_wconf 71' lang='grc'><strong>’</strong></span> <span class='ocrx_word' id='word_1_69' title='bbox 277 1438 280 1443; x_wconf 60' lang='grc'><strong>’</strong></span> <span class='ocrx_word' id='word_1_70' title='bbox 352 1448 490 1525; x_wconf 79' lang='lat' dir='ltr'>Quicum</span> <span class='ocrx_word' id='word_1_71' title='bbox 512 1440 632 1534; x_wconf 78' lang='lat' dir='ltr'>ludere,</span> <span class='ocrx_word' id='word_1_72' title='bbox 655 1471 751 1532; x_wconf 91' lang='lat' dir='ltr'>quem</span> <span class='ocrx_word' id='word_1_73' title='bbox 774 1448 810 1512; x_wconf 93' lang='lat' dir='ltr'>in</span> <span class='ocrx_word' id='word_1_74' title='bbox 834 1449 906 1512; x_wconf 91' lang='lat' dir='ltr'>sinu</span> <span class='ocrx_word' id='word_1_75' title='bbox 930 1454 1048 1535; x_wconf 86' lang='lat' dir='ltr'>tenere,</span> <span class='ocrx_word' id='word_1_76' title='bbox 1076 1440 1142 1511; x_wconf 59' lang='lat' dir='ltr'>(aa</span> 
     </span>
    </p>
   </div>
   <div class='ocr_carea' id='block_1_8' title="bbox 140 1557 354 1564">
    <p class='ocr_par' dir='ltr' id='par_1_10' title="bbox 140 1557 354 1564">
     <span class='ocr_line' id='line_1_13' title="bbox 140 1557 354 1564; baseline 0 0"><span class='ocrx_word' id='word_1_77' title='bbox 140 1557 354 1564; x_wconf 72' lang='lat'>-———-</span> 
     </span>
    </p>
   </div>
   <div class='ocr_carea' id='block_1_9' title="bbox 65 1605 1291 3282">
    <p class='ocr_par' dir='ltr' id='par_1_11' title="bbox 136 1605 1291 2032">
     <span class='ocr_line' id='line_1_14' title="bbox 137 1605 1290 1682; baseline 0.003 -21"><span class='ocrx_word' id='word_1_78' title='bbox 137 1608 221 1662; x_wconf 86' lang='lat' dir='ltr'>theca</span> <span class='ocrx_word' id='word_1_79' title='bbox 244 1607 303 1676; x_wconf 84' lang='lat' dir='ltr'>(lat.</span> <span class='ocrx_word' id='word_1_80' title='bbox 329 1606 415 1661; x_wconf 80' lang='lat' dir='ltr'>Class.</span> <span class='ocrx_word' id='word_1_81' title='bbox 434 1606 468 1660; x_wconf 89' lang='lat' dir='ltr'>X.</span> <span class='ocrx_word' id='word_1_82' title='bbox 487 1624 513 1660; x_wconf 89' lang='lat' dir='ltr'>u.</span> <span class='ocrx_word' id='word_1_83' title='bbox 534 1609 578 1676; x_wconf 80' lang='grc'>51)</span> <span class='ocrx_word' id='word_1_84' title='bbox 602 1606 768 1660; x_wconf 86' lang='lat' dir='ltr'>adservatus</span> <span class='ocrx_word' id='word_1_85' title='bbox 791 1605 838 1659; x_wconf 86' lang='lat' dir='ltr'>fol.</span> <span class='ocrx_word' id='word_1_86' title='bbox 860 1606 906 1676; x_wconf 86' lang='lat'>50]</span> <span class='ocrx_word' id='word_1_87' title='bbox 934 1608 1033 1662; x_wconf 88' lang='lat' dir='ltr'>modo</span> <span class='ocrx_word' id='word_1_88' title='bbox 1056 1608 1210 1664; x_wconf 80' lang='lat' dir='ltr'>Punicae</span> <span class='ocrx_word' id='word_1_89' title='bbox 1234 1611 1290 1682; x_wconf 90' lang='lat' dir='ltr'>[ed.</span> 
     </span>
     <span class='ocr_line' id='line_1_15' title="bbox 137 1694 1291 1768; baseline 0.002 -17"><span class='ocrx_word' id='word_1_90' title='bbox 137 1697 220 1751; x_wconf 78' lang='lat' dir='ltr'>Venr</span> <span class='ocrx_word' id='word_1_91' title='bbox 240 1696 373 1765; x_wconf 87' lang='lat' dir='ltr'>pumice</span> <span class='ocrx_word' id='word_1_92' title='bbox 392 1695 452 1749; x_wconf 90' lang='lat' dir='ltr'>cod.</span> <span class='ocrx_word' id='word_1_93' title='bbox 472 1695 576 1766; x_wconf 67' lang='lat' dir='ltr'>paen]</span> <span class='ocrx_word' id='word_1_94' title='bbox 596 1695 797 1764; x_wconf 84' lang='lat' dir='ltr'>expolitum.</span> <span class='ocrx_word' id='word_1_95' title='bbox 830 1694 919 1748; x_wconf 89' lang='lat' dir='ltr'>Idem’</span> <span class='ocrx_word' id='word_1_96' title='bbox 940 1695 977 1764; x_wconf 89' lang='lat' dir='ltr'>(h.</span> <span class='ocrx_word' id='word_1_97' title='bbox 993 1712 1015 1750; x_wconf 90' lang='lat' dir='ltr'>e.</span> <span class='ocrx_word' id='word_1_98' title='bbox 1030 1696 1174 1768; x_wconf 84' lang='lat' dir='ltr'>Isidorus).</span> <span class='ocrx_word' id='word_1_99' title='bbox 1191 1730 1226 1740; x_wconf 90' lang='lat'>-</span> <span class='ocrx_word' id='word_1_100' title='bbox 1240 1704 1291 1753; x_wconf 84' lang='lat' dir='ltr'>aut</span> 
     </span>
     <span class='ocr_line' id='line_1_16' title="bbox 136 1783 1289 1858; baseline 0.004 -21"><span class='ocrx_word' id='word_1_101' title='bbox 136 1786 191 1838; x_wconf 90' lang='lat' dir='ltr'>hue</span> <span class='ocrx_word' id='word_1_102' title='bbox 215 1789 265 1839; x_wconf 90' lang='lat' dir='ltr'>aut</span> <span class='ocrx_word' id='word_1_103' title='bbox 288 1785 396 1838; x_wconf 74' lang='lat' dir='ltr'>xnus</span> <span class='ocrx_word' id='word_1_104' title='bbox 420 1784 544 1853; x_wconf 79' lang='lat' dir='ltr'>respexit</span> <span class='ocrx_word' id='word_1_105' title='bbox 561 1783 699 1838; x_wconf 86' lang='lat' dir='ltr'>Plinius</span> <span class='ocrx_word' id='word_1_106' title='bbox 723 1787 781 1838; x_wconf 91' lang='lat' dir='ltr'>nat.</span> <span class='ocrx_word' id='word_1_107' title='bbox 804 1783 871 1838; x_wconf 87' lang='lat' dir='ltr'>hist.</span> <span class='ocrx_word' id='word_1_108' title='bbox 891 1783 1008 1838; x_wconf 81' lang='lat' dir='ltr'><strong>XXXVI</strong></span> <span class='ocrx_word' id='word_1_109' title='bbox 1022 1791 1086 1840; x_wconf 80' lang='lat'>154:</span> <span class='ocrx_word' id='word_1_110' title='bbox 1111 1787 1173 1841; x_wconf 78' lang='lat' dir='ltr'>‘sed</span> <span class='ocrx_word' id='word_1_111' title='bbox 1198 1787 1222 1841; x_wconf 89' lang='lat' dir='ltr'>ii</span> <span class='ocrx_word' id='word_1_112' title='bbox 1238 1806 1289 1858; x_wconf 87' lang='lat' dir='ltr'>pu·</span> 
     </span>
     <span class='ocr_line' id='line_1_17' title="bbox 136 1873 1290 1944; baseline 0.003 -17"><span class='ocrx_word' id='word_1_113' title='bbox 136 1875 236 1943; x_wconf 76' lang='lat' dir='ltr'>mices,</span> <span class='ocrx_word' id='word_1_114' title='bbox 260 1874 308 1943; x_wconf 91' lang='lat' dir='ltr'>qui</span> <span class='ocrx_word' id='word_1_115' title='bbox 332 1877 398 1928; x_wconf 92' lang='lat' dir='ltr'>sunt</span> <span class='ocrx_word' id='word_1_116' title='bbox 416 1874 446 1926; x_wconf 93' lang='lat' dir='ltr'>in</span> <span class='ocrx_word' id='word_1_117' title='bbox 464 1892 516 1927; x_wconf 90' lang='lat' dir='ltr'>usu</span> <span class='ocrx_word' id='word_1_118' title='bbox 535 1888 682 1942; x_wconf 88' lang='lat' dir='ltr'>corporum</span> <span class='ocrx_word' id='word_1_119' title='bbox 700 1873 886 1928; x_wconf 89' lang='lat' dir='ltr'>leuandorum</span> <span class='ocrx_word' id='word_1_120' title='bbox 904 1873 1029 1943; x_wconf 86' lang='lat' dir='ltr'>feminis,</span> <span class='ocrx_word' id='word_1_121' title='bbox 1048 1874 1106 1928; x_wconf 92' lang='lat' dir='ltr'>iam</span> <span class='ocrx_word' id='word_1_122' title='bbox 1124 1876 1243 1944; x_wconf 91' lang='lat' dir='ltr'>quidem</span> <span class='ocrx_word' id='word_1_123' title='bbox 1261 1882 1290 1931; x_wconf 89' lang='lat' dir='ltr'>et</span> 
     </span>
     <span class='ocr_line' id='line_1_18' title="bbox 137 1961 1164 2032; baseline 0.003 -16"><span class='ocrx_word' id='word_1_124' title='bbox 137 1963 215 2032; x_wconf 89' lang='lat' dir='ltr'>uiris,</span> <span class='ocrx_word' id='word_1_125' title='bbox 235 1967 329 2032; x_wconf 85' lang='lat' dir='ltr'>atque,</span> <span class='ocrx_word' id='word_1_126' title='bbox 348 1966 381 2016; x_wconf 91' lang='lat' dir='ltr'>ut</span> <span class='ocrx_word' id='word_1_127' title='bbox 399 1963 441 2016; x_wconf 93' lang='lat' dir='ltr'>ait</span> <span class='ocrx_word' id='word_1_128' title='bbox 460 1962 596 2032; x_wconf 72' lang='lat' dir='ltr'>Catullus,</span> <span class='ocrx_word' id='word_1_129' title='bbox 615 1963 705 2031; x_wconf 85' lang='lat' dir='ltr'>libris,</span> <span class='ocrx_word' id='word_1_130' title='bbox 724 1961 916 2016; x_wconf 76' lang='lat' dir='ltr'>laudatissimi</span> <span class='ocrx_word' id='word_1_131' title='bbox 936 1962 1050 2017; x_wconf 91' lang='lat' dir='ltr'>suntin</span> <span class='ocrx_word' id='word_1_132' title='bbox 1068 1963 1164 2019; x_wconf 89' lang='lat' dir='ltr'>Melo&#39;.</span> 
     </span>
    </p>

    <p class='ocr_par' dir='ltr' id='par_1_12' title="bbox 65 2051 1288 2552">
     <span class='ocr_line' id='line_1_19' title="bbox 226 2051 1288 2120; baseline 0.005 -15"><span class='ocrx_word' id='word_1_133' title='bbox 226 2058 293 2120; x_wconf 87' lang='lat' dir='ltr'>3sq.</span> <span class='ocrx_word' id='word_1_134' title='bbox 318 2051 454 2106; x_wconf 84' lang='lat' dir='ltr'>Plinius</span> <span class='ocrx_word' id='word_1_135' title='bbox 478 2054 536 2105; x_wconf 90' lang='lat' dir='ltr'>nat.</span> <span class='ocrx_word' id='word_1_136' title='bbox 561 2051 626 2106; x_wconf 88' lang='lat' dir='ltr'>hist.</span> <span class='ocrx_word' id='word_1_137' title='bbox 646 2051 733 2120; x_wconf 84' lang='lat' dir='ltr'>praef.</span> <span class='ocrx_word' id='word_1_138' title='bbox 751 2057 778 2107; x_wconf 86' lang='lat'>1:</span> <span class='ocrx_word' id='word_1_139' title='bbox 809 2053 967 2119; x_wconf 82' lang='lat' dir='ltr'>‘namque</span> <span class='ocrx_word' id='word_1_140' title='bbox 989 2052 1026 2105; x_wconf 93' lang='lat' dir='ltr'>tu</span> <span class='ocrx_word' id='word_1_141' title='bbox 1049 2052 1189 2108; x_wconf 89' lang='lat' dir='ltr'>solebas</span> <span class='ocrx_word' id='word_1_142' title='bbox 1214 2072 1288 2110; x_wconf 88' lang='lat' dir='ltr'>esse</span> 
     </span>
     <span class='ocr_line' id='line_1_20' title="bbox 137 2139 1288 2210; baseline 0.004 -16"><span class='ocrx_word' id='word_1_143' title='bbox 137 2141 275 2209; x_wconf 88' lang='lat' dir='ltr'>aliquid</span> <span class='ocrx_word' id='word_1_144' title='bbox 298 2158 388 2195; x_wconf 90' lang='lat' dir='ltr'>meas</span> <span class='ocrx_word' id='word_1_145' title='bbox 412 2144 535 2209; x_wconf 89' lang='lat' dir='ltr'>putare</span> <span class='ocrx_word' id='word_1_146' title='bbox 558 2157 665 2210; x_wconf 85' lang='lat' dir='ltr'>nugas</span> <span class='ocrx_word' id='word_1_147' title='bbox 690 2140 759 2210; x_wconf 90' lang='lat' dir='ltr'>(uel:</span> <span class='ocrx_word' id='word_1_148' title='bbox 787 2144 910 2209; x_wconf 89' lang='lat' dir='ltr'>putare</span> <span class='ocrx_word' id='word_1_149' title='bbox 933 2139 1074 2209; x_wconf 87' lang='lat' dir='ltr'>aliquid</span> <span class='ocrx_word' id='word_1_150' title='bbox 1097 2157 1173 2196; x_wconf 89' lang='lat' dir='ltr'>esse</span> <span class='ocrx_word' id='word_1_151' title='bbox 1196 2160 1288 2199; x_wconf 89' lang='lat' dir='ltr'>meas</span> 
     </span>
     <span class='ocr_line' id='line_1_21' title="bbox 136 2229 1288 2306; baseline 0.004 -23"><span class='ocrx_word' id='word_1_152' title='bbox 136 2235 267 2301; x_wconf 84' lang='lat' dir='ltr'>nugas),</span> <span class='ocrx_word' id='word_1_153' title='bbox 291 2234 323 2284; x_wconf 92' lang='lat' dir='ltr'>ut</span> <span class='ocrx_word' id='word_1_154' title='bbox 342 2230 434 2284; x_wconf 92' lang='lat' dir='ltr'>obiter</span> <span class='ocrx_word' id='word_1_155' title='bbox 453 2229 596 2284; x_wconf 80' lang='lat' dir='ltr'>emolliam</span> <span class='ocrx_word' id='word_1_156' title='bbox 615 2229 755 2301; x_wconf 83' lang='lat' dir='ltr'>[‘0bioere</span> <span class='ocrx_word' id='word_1_157' title='bbox 774 2229 912 2283; x_wconf 90' lang='lat' dir='ltr'>molliam&#39;</span> <span class='ocrx_word' id='word_1_158' title='bbox 933 2229 1023 2299; x_wconf 79' lang='lat' dir='ltr'>codd,</span> <span class='ocrx_word' id='word_1_159' title='bbox 1042 2246 1112 2286; x_wconf 89' lang='lat' dir='ltr'>corr.</span> <span class='ocrx_word' id='word_1_160' title='bbox 1131 2232 1288 2306; x_wconf 85' lang='lat' dir='ltr'>Barbarus]</span> 
     </span>
     <span class='ocr_line' id='line_1_22' title="bbox 65 2319 1288 2393; baseline 0.002 -20"><span class='ocrx_word' id='word_1_161' title='bbox 65 2343 67 2349; x_wconf 95' lang='lat'>·</span> <span class='ocrx_word' id='word_1_162' title='bbox 137 2320 280 2373; x_wconf 80' lang='lat' dir='ltr'>Catullum</span> <span class='ocrx_word' id='word_1_163' title='bbox 299 2324 512 2375; x_wconf 85' lang='lat' dir='ltr'>conterraneum</span> <span class='ocrx_word' id='word_1_164' title='bbox 529 2336 623 2373; x_wconf 92' lang='lat' dir='ltr'>meum</span> <span class='ocrx_word' id='word_1_165' title='bbox 637 2319 778 2389; x_wconf 83' lang='lat' dir='ltr'>(agnoscis</span> <span class='ocrx_word' id='word_1_166' title='bbox 797 2322 826 2373; x_wconf 93' lang='lat' dir='ltr'>et</span> <span class='ocrx_word' id='word_1_167' title='bbox 843 2319 897 2372; x_wconf 92' lang='lat' dir='ltr'>hoc</span> <span class='ocrx_word' id='word_1_168' title='bbox 916 2321 1058 2373; x_wconf 88' lang='lat' dir='ltr'>castrense</span> <span class='ocrx_word' id='word_1_169' title='bbox 1076 2320 1221 2393; x_wconf 81' lang='lat' dir='ltr'>uerbum);</span> <span class='ocrx_word' id='word_1_170' title='bbox 1239 2322 1288 2376; x_wconf 90' lang='lat' dir='ltr'>ille</span> 
     </span>
     <span class='ocr_line' id='line_1_23' title="bbox 136 2406 1288 2480; baseline 0.002 -17"><span class='ocrx_word' id='word_1_171' title='bbox 136 2409 219 2479; x_wconf 88' lang='lat' dir='ltr'>enim,</span> <span class='ocrx_word' id='word_1_172' title='bbox 239 2412 271 2463; x_wconf 92' lang='lat' dir='ltr'>ut</span> <span class='ocrx_word' id='word_1_173' title='bbox 290 2410 353 2478; x_wconf 88' lang='lat' dir='ltr'>seis,</span> <span class='ocrx_word' id='word_1_174' title='bbox 371 2409 539 2478; x_wconf 87' lang='lat' dir='ltr'>permutatis</span> <span class='ocrx_word' id='word_1_175' title='bbox 558 2408 698 2477; x_wconf 89' lang='lat' dir='ltr'>prioribus</span> <span class='ocrx_word' id='word_1_176' title='bbox 716 2406 834 2477; x_wconf 86' lang='lat' dir='ltr'>syllabis</span> <span class='ocrx_word' id='word_1_177' title='bbox 854 2407 1047 2461; x_wconf 87' lang='lat' dir='ltr'>duriusculum</span> <span class='ocrx_word' id='word_1_178' title='bbox 1065 2425 1095 2463; x_wconf 92' lang='lat' dir='ltr'>se</span> <span class='ocrx_word' id='word_1_179' title='bbox 1113 2408 1185 2464; x_wconf 88' lang='lat' dir='ltr'>fecit</span> <span class='ocrx_word' id='word_1_180' title='bbox 1203 2428 1288 2480; x_wconf 84' lang='lat' dir='ltr'>quam</span> 
     </span>
     <span class='ocr_line' id='line_1_24' title="bbox 136 2496 942 2552; baseline 0 -1"><span class='ocrx_word' id='word_1_181' title='bbox 136 2498 252 2552; x_wconf 92' lang='lat' dir='ltr'>uolebat</span> <span class='ocrx_word' id='word_1_182' title='bbox 271 2498 436 2552; x_wconf 86' lang='lat' dir='ltr'>existumari</span> <span class='ocrx_word' id='word_1_183' title='bbox 455 2516 472 2552; x_wconf 93' lang='lat' dir='ltr'>a</span> <span class='ocrx_word' id='word_1_184' title='bbox 490 2497 650 2552; x_wconf 90' lang='lat' dir='ltr'>Veraniclis</span> <span class='ocrx_word' id='word_1_185' title='bbox 670 2497 727 2551; x_wconf 90' lang='lat' dir='ltr'>suis</span> <span class='ocrx_word' id='word_1_186' title='bbox 746 2500 776 2551; x_wconf 91' lang='lat' dir='ltr'>et</span> <span class='ocrx_word' id='word_1_187' title='bbox 793 2496 942 2551; x_wconf 81' lang='lat' dir='ltr'>Fabullis&#39;.</span> 
     </span>
    </p>

    <p class='ocr_par' dir='ltr' id='par_1_13' title="bbox 136 2585 1288 2746">
     <span class='ocr_line' id='line_1_25' title="bbox 226 2585 1288 2656; baseline 0.005 -16"><span class='ocrx_word' id='word_1_188' title='bbox 226 2595 250 2642; x_wconf 83' lang='grc'>4.</span> <span class='ocrx_word' id='word_1_189' title='bbox 279 2589 444 2641; x_wconf 88' lang='lat' dir='ltr'>Petrarca</span> <span class='ocrx_word' id='word_1_190' title='bbox 464 2586 595 2641; x_wconf 87' lang='lat' dir='ltr'>senilium</span> <span class='ocrx_word' id='word_1_191' title='bbox 615 2593 656 2656; x_wconf 88' lang='grc'>11,</span> <span class='ocrx_word' id='word_1_192' title='bbox 671 2593 700 2642; x_wconf 86' lang='lat'>3:</span> <span class='ocrx_word' id='word_1_193' title='bbox 722 2587 806 2640; x_wconf 86' lang='lat' dir='ltr'>‘solet</span> <span class='ocrx_word' id='word_1_194' title='bbox 825 2585 914 2655; x_wconf 88' lang='lat' dir='ltr'>enim,</span> <span class='ocrx_word' id='word_1_195' title='bbox 943 2589 975 2641; x_wconf 95' lang='lat' dir='ltr'>ut</span> <span class='ocrx_word' id='word_1_196' title='bbox 994 2586 1099 2642; x_wconf 78' lang='lat' dir='ltr'>Catulli</span> <span class='ocrx_word' id='word_1_197' title='bbox 1116 2587 1288 2645; x_wconf 84' lang='lat' dir='ltr'>Veronensis</span> 
     </span>
     <span class='ocr_line' id='line_1_26' title="bbox 136 2676 968 2746; baseline -0.001 -15"><span class='ocrx_word' id='word_1_198' title='bbox 136 2678 223 2732; x_wconf 91' lang='lat' dir='ltr'>uerbo</span> <span class='ocrx_word' id='word_1_199' title='bbox 243 2679 315 2746; x_wconf 83' lang='lat' dir='ltr'>utar,</span> <span class='ocrx_word' id='word_1_200' title='bbox 334 2693 424 2730; x_wconf 92' lang='lat' dir='ltr'>meas</span> <span class='ocrx_word' id='word_1_201' title='bbox 444 2693 518 2730; x_wconf 88' lang='lat' dir='ltr'>esse</span> <span class='ocrx_word' id='word_1_202' title='bbox 537 2676 674 2745; x_wconf 92' lang='lat' dir='ltr'>aliquid</span> <span class='ocrx_word' id='word_1_203' title='bbox 692 2678 816 2745; x_wconf 89' lang='lat' dir='ltr'>putare</span> <span class='ocrx_word' id='word_1_204' title='bbox 834 2676 968 2745; x_wconf 83' lang='lat' dir='ltr'>nugas&#39;.</span> 
     </span>
    </p>

    <p class='ocr_par' dir='ltr' id='par_1_14' title="bbox 135 2764 1287 3104">
     <span class='ocr_line' id='line_1_27' title="bbox 226 2764 1287 2839; baseline 0.003 -19"><span class='ocrx_word' id='word_1_205' title='bbox 226 2772 303 2821; x_wconf 79' lang='lat'>5-7.</span> <span class='ocrx_word' id='word_1_206' title='bbox 330 2765 580 2835; x_wconf 89' lang='lat' dir='ltr'>Pastrengicus</span> <span class='ocrx_word' id='word_1_207' title='bbox 601 2766 635 2819; x_wconf 91' lang='lat' dir='ltr'>de</span> <span class='ocrx_word' id='word_1_208' title='bbox 655 2764 723 2835; x_wconf 86' lang='lat' dir='ltr'>orig.</span> <span class='ocrx_word' id='word_1_209' title='bbox 738 2782 790 2820; x_wconf 90' lang='lat' dir='ltr'>rer.</span> <span class='ocrx_word' id='word_1_210' title='bbox 806 2782 833 2834; x_wconf 94' lang='lat' dir='ltr'>p.</span> <span class='ocrx_word' id='word_1_211' title='bbox 850 2770 915 2820; x_wconf 72' lang='lat'>16³:</span> <span class='ocrx_word' id='word_1_212' title='bbox 937 2766 984 2819; x_wconf 75' lang='lat' dir='ltr'>‘ut</span> <span class='ocrx_word' id='word_1_213' title='bbox 999 2765 1034 2820; x_wconf 91' lang='lat' dir='ltr'>de</span> <span class='ocrx_word' id='word_1_214' title='bbox 1048 2764 1099 2820; x_wconf 90' lang='lat' dir='ltr'>illc</span> <span class='ocrx_word' id='word_1_215' title='bbox 1119 2766 1178 2821; x_wconf 88' lang='lat' dir='ltr'>dici</span> <span class='ocrx_word' id='word_1_216' title='bbox 1195 2768 1287 2839; x_wconf 84' lang='lat' dir='ltr'>possit</span> 
     </span>
     <span class='ocr_line' id='line_1_28' title="bbox 136 2854 1286 2935; baseline 0.003 -26"><span class='ocrx_word' id='word_1_217' title='bbox 136 2857 212 2924; x_wconf 88' lang='lat' dir='ltr'>quod</span> <span class='ocrx_word' id='word_1_218' title='bbox 232 2856 331 2910; x_wconf 86' lang='lat' dir='ltr'>scribit</span> <span class='ocrx_word' id='word_1_219' title='bbox 349 2855 519 2910; x_wconf 85' lang='lat' dir='ltr'>Veronensis</span> <span class='ocrx_word' id='word_1_220' title='bbox 537 2858 623 2925; x_wconf 89' lang='lat' dir='ltr'>poeta</span> <span class='ocrx_word' id='word_1_221' title='bbox 643 2854 752 2935; x_wconf 74' lang='lat' dir='ltr'>diceps:</span> <span class='ocrx_word' id='word_1_222' title='bbox 776 2854 886 2907; x_wconf 89' lang='lat' dir='ltr'>Ausus</span> <span class='ocrx_word' id='word_1_223' title='bbox 910 2854 1049 2921; x_wconf 90' lang='lat' dir='ltr'>quidem</span> <span class='ocrx_word' id='word_1_224' title='bbox 1071 2872 1158 2910; x_wconf 90' lang='lat' dir='ltr'>unus</span> <span class='ocrx_word' id='word_1_225' title='bbox 1176 2856 1286 2913; x_wconf 89' lang='lat' dir='ltr'>Italo·</span> 
     </span>
     <span class='ocr_line' id='line_1_29' title="bbox 135 2942 1287 3018; baseline 0.003 -19"><span class='ocrx_word' id='word_1_226' title='bbox 135 2964 206 2999; x_wconf 92' lang='lat' dir='ltr'>rum</span> <span class='ocrx_word' id='word_1_227' title='bbox 235 2946 337 2999; x_wconf 89' lang='lat' dir='ltr'>Omne</span> <span class='ocrx_word' id='word_1_228' title='bbox 365 2962 484 2999; x_wconf 89' lang='lat' dir='ltr'>aeuum</span> <span class='ocrx_word' id='word_1_229' title='bbox 511 2944 624 2998; x_wconf 88' lang='lat' dir='ltr'>tribus</span> <span class='ocrx_word' id='word_1_230' title='bbox 653 2942 830 3013; x_wconf 86' lang='lat' dir='ltr'>explicare</span> <span class='ocrx_word' id='word_1_231' title='bbox 859 2942 992 2998; x_wconf 82' lang='lat' dir='ltr'>chartis</span> <span class='ocrx_word' id='word_1_232' title='bbox 1018 2944 1046 3015; x_wconf 83' lang='lat' dir='ltr'>(i.</span> <span class='ocrx_word' id='word_1_233' title='bbox 1074 2944 1287 3018; x_wconf 89' lang='lat' dir='ltr'>uoluminibus),</span> 
     </span>
     <span class='ocr_line' id='line_1_30' title="bbox 135 3032 686 3104; baseline 0 -16"><span class='ocrx_word' id='word_1_234' title='bbox 135 3035 284 3104; x_wconf 86' lang='lat' dir='ltr'>Jupiter,</span> <span class='ocrx_word' id='word_1_235' title='bbox 305 3034 418 3089; x_wconf 91' lang='lat' dir='ltr'>doctis</span> <span class='ocrx_word' id='word_1_236' title='bbox 437 3037 471 3088; x_wconf 91' lang='lat' dir='ltr'>et</span> <span class='ocrx_word' id='word_1_237' title='bbox 489 3032 686 3088; x_wconf 87' lang='lat' dir='ltr'>laboriosis.</span> 
     </span>
    </p>

    <p class='ocr_par' dir='ltr' id='par_1_15' title="bbox 137 3122 1283 3282">
     <span class='ocr_line' id='line_1_31' title="bbox 206 3122 1283 3197; baseline 0.005 -20"><span class='ocrx_word' id='word_1_238' title='bbox 206 3126 239 3179; x_wconf 89' lang='grc' dir='ltr'>Π.</span> <span class='ocrx_word' id='word_1_239' title='bbox 269 3125 328 3178; x_wconf 89' lang='lat' dir='ltr'>Hoc</span> <span class='ocrx_word' id='word_1_240' title='bbox 348 3141 461 3177; x_wconf 91' lang='lat' dir='ltr'>carmen</span> <span class='ocrx_word' id='word_1_241' title='bbox 479 3122 602 3192; x_wconf 85' lang='lat' dir='ltr'>respexit</span> <span class='ocrx_word' id='word_1_242' title='bbox 620 3122 797 3178; x_wconf 89' lang='lat' dir='ltr'>Martialis</span> <span class='ocrx_word' id='word_1_243' title='bbox 816 3124 830 3177; x_wconf 90' lang='lat' dir='ltr'>I</span> <span class='ocrx_word' id='word_1_244' title='bbox 849 3128 920 3192; x_wconf 76' lang='lat'>7,3;</span> <span class='ocrx_word' id='word_1_245' title='bbox 948 3123 1120 3193; x_wconf 79' lang='lat' dir='ltr'><strong>HH14‚14;</strong></span> <span class='ocrx_word' id='word_1_246' title='bbox 1148 3125 1228 3197; x_wconf 73' lang='lat' dir='ltr'>le,</span> <span class='ocrx_word' id='word_1_247' title='bbox 1243 3132 1283 3182; x_wconf 79' lang='grc'>16.</span> 
     </span>
     <span class='ocr_line' id='line_1_32' title="bbox 137 3212 1283 3282; baseline 0.003 -16"><span class='ocrx_word' id='word_1_248' title='bbox 137 3222 159 3268; x_wconf 89' lang='lat'>1.</span> <span class='ocrx_word' id='word_1_249' title='bbox 189 3214 330 3268; x_wconf 82' lang='lat' dir='ltr'>Caesius</span> <span class='ocrx_word' id='word_1_250' title='bbox 350 3214 476 3267; x_wconf 86' lang='lat' dir='ltr'>Bassus</span> <span class='ocrx_word' id='word_1_251' title='bbox 495 3231 522 3282; x_wconf 87' lang='lat' dir='ltr'>p.</span> <span class='ocrx_word' id='word_1_252' title='bbox 538 3219 599 3282; x_wconf 80' lang='lat'><strong>260,</strong></span> <span class='ocrx_word' id='word_1_253' title='bbox 614 3218 647 3265; x_wconf 80' lang='lat'>37</span> <span class='ocrx_word' id='word_1_254' title='bbox 662 3213 709 3268; x_wconf 89' lang='lat' dir='ltr'>K.:</span> <span class='ocrx_word' id='word_1_255' title='bbox 736 3214 813 3267; x_wconf 79' lang='lat' dir='ltr'>‘nam</span> <span class='ocrx_word' id='word_1_256' title='bbox 835 3216 865 3266; x_wconf 89' lang='lat' dir='ltr'>et</span> <span class='ocrx_word' id='word_1_257' title='bbox 887 3212 1143 3282; x_wconf 80' lang='lat' dir='ltr'>hendecasyllabus</span> <span class='ocrx_word' id='word_1_258' title='bbox 1163 3215 1283 3271; x_wconf 87' lang='lat' dir='ltr'>..sole-</span> 
     </span>
    </p>
   </div>
   <div class='ocr_carea' id='block_1_10' title="bbox 134 3355 1280 3615">
    <p class='ocr_par' dir='ltr' id='par_1_16' title="bbox 134 3355 1280 3615">
     <span class='ocr_line' id='line_1_33' title="bbox 223 3355 1280 3430; baseline 0.003 -21"><span class='ocrx_word' id='word_1_259' title='bbox 223 3363 240 3409; x_wconf 88' lang='grc'>4</span> <span class='ocrx_word' id='word_1_260' title='bbox 263 3373 326 3410; x_wconf 88' lang='lat' dir='ltr'>mea</span> <span class='ocrx_word' id='word_1_261' title='bbox 350 3358 403 3425; x_wconf 81' lang='lat' dir='ltr'>(uel</span> <span class='ocrx_word' id='word_1_262' title='bbox 426 3359 499 3426; x_wconf 81' lang='lat' dir='ltr'>meo)</span> <span class='ocrx_word' id='word_1_263' title='bbox 525 3372 585 3409; x_wconf 91' lang='lat' dir='ltr'>sese</span> <span class='ocrx_word' id='word_1_264' title='bbox 611 3355 721 3424; x_wconf 87' lang='lat' dir='ltr'>aliquot</span> <span class='ocrx_word' id='word_1_265' title='bbox 744 3355 836 3410; x_wconf 78' lang='lat' dir='ltr'>Merit</span> <span class='ocrx_word' id='word_1_266' title='bbox 859 3356 995 3411; x_wconf 79' lang='lat' dir='ltr'>Victorini</span> <span class='ocrx_word' id='word_1_267' title='bbox 1016 3357 1092 3413; x_wconf 86' lang='lat' dir='ltr'>codd.</span> <span class='ocrx_word' id='word_1_268' title='bbox 1128 3359 1139 3428; x_wconf 80' lang='grc' dir='ltr'>ΙΙ</span> <span class='ocrx_word' id='word_1_269' title='bbox 1174 3358 1280 3430; x_wconf 75' lang='lat' dir='ltr'>litum]</span> 
     </span>
     <span class='ocr_line' id='line_1_34' title="bbox 134 3445 1279 3516; baseline 0.002 -17"><span class='ocrx_word' id='word_1_270' title='bbox 134 3449 166 3499; x_wconf 82' lang='lat' dir='ltr'>tn</span> <span class='ocrx_word' id='word_1_271' title='bbox 186 3451 204 3498; x_wconf 94' lang='grc'><strong>0</strong></span> <span class='ocrx_word' id='word_1_272' title='bbox 224 3448 281 3498; x_wconf 78' lang='lat' dir='ltr'>terii</span> <span class='ocrx_word' id='word_1_273' title='bbox 298 3451 319 3496; x_wconf 76' lang='lat' dir='ltr'>G</span> <span class='ocrx_word' id='word_1_274' title='bbox 337 3448 433 3498; x_wconf 91' lang='lat' dir='ltr'>tamen</span> <span class='ocrx_word' id='word_1_275' title='bbox 446 3450 474 3496; x_wconf 93' lang='grc'>11</span> <span class='ocrx_word' id='word_1_276' title='bbox 499 3448 503 3514; x_wconf 84' lang='grc' dir='ltr'>Ι</span> <span class='ocrx_word' id='word_1_277' title='bbox 529 3445 570 3516; x_wconf 84' lang='lat' dir='ltr'>es]</span> <span class='ocrx_word' id='word_1_278' title='bbox 590 3450 604 3498; x_wconf 79' lang='lat' dir='ltr'>e</span> <span class='ocrx_word' id='word_1_279' title='bbox 623 3450 646 3498; x_wconf 81' lang='lat' dir='ltr'>V</span> <span class='ocrx_word' id='word_1_280' title='bbox 665 3447 708 3499; x_wconf 92' lang='lat' dir='ltr'>est</span> <span class='ocrx_word' id='word_1_281' title='bbox 725 3450 753 3496; x_wconf 96' lang='grc'>11</span> <span class='ocrx_word' id='word_1_282' title='bbox 771 3447 781 3514; x_wconf 79' lang='lat' dir='ltr'>ss</span> <span class='ocrx_word' id='word_1_283' title='bbox 804 3449 819 3497; x_wconf 88' lang='grc'><strong>6</strong></span> <span class='ocrx_word' id='word_1_284' title='bbox 839 3446 952 3516; x_wconf 88' lang='lat' dir='ltr'>aeuum]</span> <span class='ocrx_word' id='word_1_285' title='bbox 971 3450 1025 3499; x_wconf 68' lang='lat' dir='ltr'>em‘r</span> <span class='ocrx_word' id='word_1_286' title='bbox 1044 3451 1063 3498; x_wconf 88' lang='lat'><strong>0</strong></span> <span class='ocrx_word' id='word_1_287' title='bbox 1086 3462 1152 3500; x_wconf 88' lang='lat' dir='ltr'>eum</span> <span class='ocrx_word' id='word_1_288' title='bbox 1174 3452 1197 3499; x_wconf 84' lang='grc'>11</span> <span class='ocrx_word' id='word_1_289' title='bbox 1213 3462 1279 3503; x_wconf 79' lang='lat' dir='ltr'>corr.</span> 
     </span>
     <span class='ocr_line' id='line_1_35' title="bbox 134 3532 1279 3615; baseline 0.002 -28"><span class='ocrx_word' id='word_1_290' title='bbox 134 3551 217 3587; x_wconf 89' lang='lat' dir='ltr'>ouum</span> <span class='ocrx_word' id='word_1_291' title='bbox 235 3540 263 3586; x_wconf 96' lang='grc'>11</span> <span class='ocrx_word' id='word_1_292' title='bbox 294 3537 302 3603; x_wconf 78' lang='grc' dir='ltr'>Ι]</span> <span class='ocrx_word' id='word_1_293' title='bbox 335 3533 462 3598; x_wconf 76' lang='lat' dir='ltr'>SQuare</span> <span class='ocrx_word' id='word_1_294' title='bbox 481 3533 556 3587; x_wconf 88' lang='lat' dir='ltr'>habe</span> <span class='ocrx_word' id='word_1_295' title='bbox 574 3532 641 3589; x_wconf 85' lang='lat' dir='ltr'>tibi:</span> <span class='ocrx_word' id='word_1_296' title='bbox 667 3533 758 3599; x_wconf 79' lang='lat' dir='ltr'>Quare</span> <span class='ocrx_word' id='word_1_297' title='bbox 781 3532 837 3586; x_wconf 92' lang='lat' dir='ltr'>tibi</span> <span class='ocrx_word' id='word_1_298' title='bbox 855 3532 930 3587; x_wconf 91' lang='lat' dir='ltr'>habe</span> <span class='ocrx_word' id='word_1_299' title='bbox 948 3539 1003 3587; x_wconf 73' lang='grc'>111</span> <span class='ocrx_word' id='word_1_300' title='bbox 1035 3536 1040 3605; x_wconf 68' lang='lat' dir='ltr'>l</span> <span class='ocrx_word' id='word_1_301' title='bbox 1074 3534 1211 3615; x_wconf 82' lang='lat' dir='ltr'>quicquid</span> <span class='ocrx_word' id='word_1_302' title='bbox 1227 3534 1279 3589; x_wconf 87' lang='lat' dir='ltr'>hoc</span> 
     </span>
    </p>
   </div>
   <div class='ocr_carea' id='block_1_11' title="bbox 134 3628 1298 3767">
    <p class='ocr_par' dir='ltr' id='par_1_17' title="bbox 134 3628 1298 3767">
     <span class='ocr_line' id='line_1_36' title="bbox 134 3628 1298 3767; baseline 0.005 -22"><span class='ocrx_word' id='word_1_303' title='bbox 134 3628 238 3749; x_wconf 60' lang='lat' dir='ltr'>libdlli</span> <span class='ocrx_word' id='word_1_304' title='bbox 262 3701 315 3748; x_wconf 76' lang='lat' dir='ltr'>GM</span> <span class='ocrx_word' id='word_1_305' title='bbox 334 3693 469 3762; x_wconf 89' lang='lat' dir='ltr'>quicquid</span> <span class='ocrx_word' id='word_1_306' title='bbox 487 3695 514 3746; x_wconf 81' lang='lat' dir='ltr'>h‘</span> <span class='ocrx_word' id='word_1_307' title='bbox 535 3693 627 3749; x_wconf 94' lang='lat' dir='ltr'>libelli</span> <span class='ocrx_word' id='word_1_308' title='bbox 646 3697 688 3764; x_wconf 74' lang='lat'>01}</span> <span class='ocrx_word' id='word_1_309' title='bbox 707 3700 723 3748; x_wconf 84' lang='lat'>9</span> <span class='ocrx_word' id='word_1_310' title='bbox 742 3694 819 3762; x_wconf 89' lang='lat' dir='ltr'>quod</span> <span class='ocrx_word' id='word_1_311' title='bbox 838 3710 854 3746; x_wconf 96' lang='grc' dir='ltr'><strong>ο</strong></span> <span class='ocrx_word' id='word_1_312' title='bbox 874 3695 1034 3750; x_wconf 81' lang='lat' dir='ltr'>Palladius:</span> <span class='ocrx_word' id='word_1_313' title='bbox 1052 3694 1130 3764; x_wconf 86' lang='lat' dir='ltr'>quod</span> <span class='ocrx_word' id='word_1_314' title='bbox 1146 3660 1298 3767; x_wconf 31' lang='grc'>111111--</span> 
     </span>
    </p>
   </div>
   <div class='ocr_carea' id='block_1_12' title="bbox 134 3774 1278 3945">
    <p class='ocr_par' dir='ltr' id='par_1_18' title="bbox 134 3774 1278 3945">
     <span class='ocr_line' id='line_1_37' title="bbox 134 3774 1278 3872; baseline 0.003 -36"><span class='ocrx_word' id='word_1_315' title='bbox 134 3784 198 3838; x_wconf 90' lang='lat' dir='ltr'>dem</span> <span class='ocrx_word' id='word_1_316' title='bbox 216 3790 267 3838; x_wconf 79' lang='lat' dir='ltr'>DA</span> <span class='ocrx_word' id='word_1_317' title='bbox 284 3788 288 3854; x_wconf 79' lang='grc' dir='ltr'>Ι</span> <span class='ocrx_word' id='word_1_318' title='bbox 303 3786 429 3853; x_wconf 90' lang='lat' dir='ltr'>patrone,</span> <span class='ocrx_word' id='word_1_319' title='bbox 448 3801 499 3853; x_wconf 92' lang='lat' dir='ltr'>per</span> <span class='ocrx_word' id='word_1_320' title='bbox 515 3787 544 3838; x_wconf 92' lang='lat' dir='ltr'>te</span> <span class='ocrx_word' id='word_1_321' title='bbox 559 3784 693 3839; x_wconf 65' lang='lat' dir='ltr'>Heraclius</span> <span class='ocrx_word' id='word_1_322' title='bbox 707 3791 808 3854; x_wconf 75' lang='lat' dir='ltr'>quaest</span> <span class='ocrx_word' id='word_1_323' title='bbox 830 3783 929 3838; x_wconf 78' lang='lat' dir='ltr'>Catuli.</span> <span class='ocrx_word' id='word_1_324' title='bbox 944 3802 970 3838; x_wconf 82' lang='lat' dir='ltr'>a.</span> <span class='ocrx_word' id='word_1_325' title='bbox 985 3787 1059 3872; x_wconf 46' lang='lat'>1249</span> <span class='ocrx_word' id='word_1_326' title='bbox 1073 3788 1144 3854; x_wconf 63' lang='lat'>124.</span> <span class='ocrx_word' id='word_1_327' title='bbox 1172 3774 1278 3855; x_wconf 64' lang='lat' dir='ltr'>jSpi·</span> 
     </span>
     <span class='ocr_line' id='line_1_38' title="bbox 134 3871 1277 3945; baseline 0.002 -20"><span class='ocrx_word' id='word_1_328' title='bbox 134 3872 198 3926; x_wconf 89' lang='lat' dir='ltr'>dem</span> <span class='ocrx_word' id='word_1_329' title='bbox 212 3876 263 3941; x_wconf 85' lang='lat' dir='ltr'>est,</span> <span class='ocrx_word' id='word_1_330' title='bbox 277 3871 390 3941; x_wconf 88' lang='lat' dir='ltr'>patroni</span> <span class='ocrx_word' id='word_1_331' title='bbox 404 3875 437 3927; x_wconf 92' lang='lat' dir='ltr'>ut</span> <span class='ocrx_word' id='word_1_332' title='bbox 451 3890 517 3943; x_wconf 87' lang='lat' dir='ltr'>ergo</span> <span class='ocrx_word' id='word_1_333' title='bbox 531 3874 667 3944; x_wconf 69' lang='lat' dir='ltr'>Berytius</span> <span class='ocrx_word' id='word_1_334' title='bbox 680 3875 689 3943; x_wconf 71' lang='lat' dir='ltr'>l}</span> <span class='ocrx_word' id='word_1_335' title='bbox 704 3878 737 3926; x_wconf 91' lang='grc'>10</span> <span class='ocrx_word' id='word_1_336' title='bbox 751 3872 893 3943; x_wconf 90' lang='lat' dir='ltr'>peremne]</span> <span class='ocrx_word' id='word_1_337' title='bbox 908 3879 929 3925; x_wconf 84' lang='grc'>11</span> <span class='ocrx_word' id='word_1_338' title='bbox 947 3872 1025 3942; x_wconf 91' lang='lat' dir='ltr'>perie</span> <span class='ocrx_word' id='word_1_339' title='bbox 1040 3874 1080 3943; x_wconf 82' lang='lat' dir='ltr'>(id</span> <span class='ocrx_word' id='word_1_340' title='bbox 1093 3880 1133 3929; x_wconf 83' lang='lat' dir='ltr'>est</span> <span class='ocrx_word' id='word_1_341' title='bbox 1144 3871 1277 3945; x_wconf 65' lang='lat' dir='ltr'>parim</span> 
     </span>
    </p>
   </div>
   <div class='ocr_carea' id='block_1_13' title="bbox 132 3970 1278 4315">
    <p class='ocr_par' dir='ltr' id='par_1_19' title="bbox 133 3970 952 4052">
     <span class='ocr_line' id='line_1_39' title="bbox 133 3970 952 4052; baseline 0 -19"><span class='ocrx_word' id='word_1_342' title='bbox 133 3987 163 4034; x_wconf 82' lang='lat' dir='ltr'>ut</span> <span class='ocrx_word' id='word_1_343' title='bbox 189 3970 361 4048; x_wconf 82' lang='lat' dir='ltr'>cognotissiu</span> <span class='ocrx_word' id='word_1_344' title='bbox 383 3982 572 4052; x_wconf 71' lang='lat' dir='ltr'>enpust-issicio</span> <span class='ocrx_word' id='word_1_345' title='bbox 590 3980 642 4033; x_wconf 91' lang='grc' dir='ltr'>ΙΠΙ</span> <span class='ocrx_word' id='word_1_346' title='bbox 657 3982 701 4049; x_wconf 90' lang='grc'>14)</span> <span class='ocrx_word' id='word_1_347' title='bbox 720 3984 739 4031; x_wconf 87' lang='grc'><strong>0</strong></span> <span class='ocrx_word' id='word_1_348' title='bbox 758 3996 879 4049; x_wconf 91' lang='lat' dir='ltr'>perenne</span> <span class='ocrx_word' id='word_1_349' title='bbox 899 3985 952 4033; x_wconf 74' lang='lat' dir='ltr'>GM</span> 
     </span>
    </p>

    <p class='ocr_par' dir='ltr' id='par_1_20' title="bbox 132 4068 1278 4315">
     <span class='ocr_line' id='line_1_40' title="bbox 221 4068 1278 4141; baseline 0.002 -21"><span class='ocrx_word' id='word_1_350' title='bbox 221 4068 254 4122; x_wconf 87' lang='lat' dir='ltr'>ll.</span> <span class='ocrx_word' id='word_1_351' title='bbox 274 4070 425 4124; x_wconf 77' lang='lat' dir='ltr'>interstitio</span> <span class='ocrx_word' id='word_1_352' title='bbox 443 4070 527 4123; x_wconf 77' lang='lat' dir='ltr'>unius</span> <span class='ocrx_word' id='word_1_353' title='bbox 544 4086 671 4123; x_wconf 80' lang='lat' dir='ltr'>uersare</span> <span class='ocrx_word' id='word_1_354' title='bbox 685 4071 805 4123; x_wconf 74' lang='lat' dir='ltr'>sunniae</span> <span class='ocrx_word' id='word_1_355' title='bbox 819 4070 913 4139; x_wconf 82' lang='lat' dir='ltr'>priore</span> <span class='ocrx_word' id='word_1_356' title='bbox 926 4076 1084 4138; x_wconf 78' lang='lat' dir='ltr'>separatum</span> <span class='ocrx_word' id='word_1_357' title='bbox 1097 4070 1130 4125; x_wconf 80' lang='lat' dir='ltr'>ia</span> <span class='ocrx_word' id='word_1_358' title='bbox 1142 4074 1210 4139; x_wconf 68' lang='lat'>713</span> <span class='ocrx_word' id='word_1_359' title='bbox 1228 4086 1278 4141; x_wconf 69' lang='lat' dir='ltr'>prro</span> 
     </span>
     <span class='ocr_line' id='line_1_41' title="bbox 132 4157 1276 4229; baseline 0.003 -17"><span class='ocrx_word' id='word_1_360' title='bbox 132 4161 164 4212; x_wconf 81' lang='lat' dir='ltr'>a&#39;a</span> <span class='ocrx_word' id='word_1_361' title='bbox 182 4160 326 4211; x_wconf 74' lang='lat' dir='ltr'>interstitio</span> <span class='ocrx_word' id='word_1_362' title='bbox 345 4157 441 4212; x_wconf 82' lang='lat' dir='ltr'>Fletus</span> <span class='ocrx_word' id='word_1_363' title='bbox 459 4158 581 4228; x_wconf 87' lang='lat' dir='ltr'>passeris</span> <span class='ocrx_word' id='word_1_364' title='bbox 600 4157 700 4212; x_wconf 91' lang='lat' dir='ltr'>Lesbie</span> <span class='ocrx_word' id='word_1_365' title='bbox 719 4160 872 4214; x_wconf 67' lang='lat' dir='ltr'>trumberet</span> <span class='ocrx_word' id='word_1_366' title='bbox 890 4178 909 4225; x_wconf 78' lang='lat' dir='ltr'>g</span> <span class='ocrx_word' id='word_1_367' title='bbox 930 4160 995 4226; x_wconf 78' lang='lat' dir='ltr'>(litt.</span> <span class='ocrx_word' id='word_1_368' title='bbox 1013 4160 1099 4228; x_wconf 72' lang='lat' dir='ltr'>ruba,</span> <span class='ocrx_word' id='word_1_369' title='bbox 1115 4165 1149 4215; x_wconf 78' lang='lat' dir='ltr'>ut</span> <span class='ocrx_word' id='word_1_370' title='bbox 1165 4162 1276 4229; x_wconf 61' lang='lat' dir='ltr'>aarum)</span> 
     </span>
     <span class='ocr_line' id='line_1_42' title="bbox 132 4244 458 4315; baseline 0.006 -17"><span class='ocrx_word' id='word_1_371' title='bbox 132 4252 159 4298; x_wconf 90' lang='grc'>11</span> <span class='ocrx_word' id='word_1_372' title='bbox 181 4248 191 4315; x_wconf 73' lang='lat' dir='ltr'>l}</span> <span class='ocrx_word' id='word_1_373' title='bbox 215 4252 230 4298; x_wconf 74' lang='lat' dir='ltr'>‘l</span> <span class='ocrx_word' id='word_1_374' title='bbox 250 4244 303 4310; x_wconf 81' lang='lat' dir='ltr'>Qui</span> <span class='ocrx_word' id='word_1_375' title='bbox 323 4263 383 4299; x_wconf 88' lang='lat' dir='ltr'>cum</span> <span class='ocrx_word' id='word_1_376' title='bbox 403 4252 458 4300; x_wconf 73' lang='lat' dir='ltr'>VM</span> 
     </span>
    </p>
   </div>
   <div class='ocr_carea' id='block_1_14' title="bbox 1401 1374 1470 1393">
    <p class='ocr_par' dir='ltr' id='par_1_21' title="bbox 1401 1374 1470 1393">
     <span class='ocr_line' id='line_1_43' title="bbox 1401 1374 1470 1393; baseline 0 -2"><span class='ocrx_word' id='word_1_377' title='bbox 1401 1374 1470 1393; x_wconf 65' lang='grc' dir='ltr'>--κ</span> 
     </span>
    </p>
   </div>
   <div class='ocr_carea' id='block_1_15' title="bbox 0 0 1482 4951">
    <p class='ocr_par' dir='ltr' id='par_1_22' title="bbox 0 0 1482 4951">
     <span class='ocr_line' id='line_1_44' title="bbox 0 0 1482 4951; baseline 0 0"><span class='ocrx_word' id='word_1_378' title='bbox 0 0 1482 4951; x_wconf 95' lang='lat' dir='ltr'> </span> 
     </span>
    </p>
   </div>
  </div>
 </body>
</html>
