2954 4958
526 313 902 382 numnis-mimi.
1225 312 1288 377 105

303 476 365 552 Qui
388 477 475 562 potis
499 479 570 542 est?
593 478 710 562 inquis.
748 478 834 562 quod
857 482 1019 542 amantem
1042 477 1161 541 iniuria
1184 466 1259 541 talis

357 582 454 670 Cogit
477 607 584 649 amare
608 585 721 670 magis,
745 585 800 649 sed
823 585 905 649 bene
927 586 1010 650 uelle
1034 585 1150 651 minus.

640 834 788 899 LXXIII.

251 959 370 1024 Desine
395 960 432 1023 de
457 982 620 1045 quoquam
644 960 816 1046 quicquam
839 961 920 1024 bene
943 960 1026 1023 uelle
1050 959 1165 1024 mereri

305 1065 372 1131 Aut
396 1066 536 1151 aliquem
559 1067 629 1132 fieri
652 1089 747 1152 posse
770 1072 885 1152 putare
908 1067 1008 1152 pium.

252 1172 369 1238 Omnia
391 1179 467 1239 sunt
489 1175 627 1260 ingrata,
648 1175 731 1238 nihil
753 1175 868 1240 fecisse
892 1174 1043 1259 benigne:

304 1280 409 1346 Immo
434 1282 532 1346 etiam
555 1282 672 1367 taedet,
696 1284 791 1346 taeda
814 1282 970 1367 obestque
993 1280 1111 1367 magis3

226 1388 306 1453 sUt
330 1388 418 1473 mihi,
443 1411 539 1472 quem
561 1410 657 1453 nemo
681 1389 813 1474 grauius
836 1411 895 1453 nec
919 1388 1066 1454 acerbius
1089 1394 1193 1473 urget,

304 1495 407 1572 Quam
416 1497 512 1560 modo
524 1496 580 1581 qui
590 1519 640 1561 me
651 1519 752 1560 unum
763 1501 860 1581 atque
869 1496 999 1561 unicum
1012 1496 1151 1561 amicum
1164 1495 1288 1560 habuit.

630 1746 798 1812 LXXIIII.

305 1871 428 1937 Gellius
452 1872 597 1936 audierat
619 1877 772 1956 patruum
796 1871 967 1957 obiurgare
991 1872 1103 1958 solere,

359 1977 467 2063 Siquis
492 1979 623 2043 delicias
647 1979 768 2044 diceret
791 1983 848 2043 aut
870 1978 1000 2044 faceret.

304 2085 376 2150 Hoc
398 2108 439 2149 ne
462 2084 526 2170 ipsi
550 2085 716 2170 accideret,
740 2086 848 2170 patrui
871 2086 1059 2170 perdepsuit
1081 2085 1187 2171 ipsam

357 2191 500 2257 Uxorem
523 2197 556 2256 et
579 2198 731 2277 patruum
755 2193 893 2258 reddidit
916 2193 1161 2278 Harpocratem.

267 2319 281 2364 5
306 2299 399 2376 Quod
421 2300 527 2364 uoluit
550 2299 642 2364 fecit:
664 2324 749 2387 nam,
773 2300 920 2385 quamuis
944 2302 1080 2365 irrumet
1102 2300 1210 2386 ipsum

357 2405 452 2472 Nunc
476 2412 638 2493 patruum,
661 2409 797 2473 uerbum
820 2430 885 2473 non
908 2408 1007 2473 faciet
1028 2414 1172 2492 patruus.

611 2546 747 2550 —-
752 2545 823 2552 -.---

654 2638 784 2705 LXXV.

305 2765 378 2830 Huc
402 2769 453 2829 est
475 2788 565 2829 mens
590 2766 727 2831 deducta
749 2769 815 2850 tua,
838 2788 910 2830 mea
933 2765 1044 2850 Lehia,
1067 2765 1170 2850 culpa,

359 2873 466 2957 Atque
489 2872 537 2938 ita
560 2895 593 2936 se
618 2872 725 2937 officio
749 2873 889 2958 perdidit
912 2873 984 2957 ipsa
1007 2894 1075 2958 suo,

233 3067 332 3120 LXXII
352 3073 375 3120 8.
413 3065 568 3119 Donatus
592 3065 630 3118 ad
652 3065 762 3120 Terent.
787 3066 858 3120 And.
879 3066 1005 3134 ivae:
1037 3065 1165 3119 ‘Amicus
1193 3064 1289 3134 animi,

148 3160 257 3212 amator
274 3173 342 3210 uero
360 3154 491 3225 corporis.
519 3155 584 3208 Non
602 3154 677 3209 enim
696 3154 828 3209 continuo
843 3172 921 3209 amor
939 3158 983 3209 est
1001 3154 1050 3223 qui
1068 3155 1140 3209 bene
1158 3155 1228 3210 uult.
1252 3155 1290 3208 Ut

147 3246 221 3300 Dido
240 3245 349 3300 amauit
363 3245 477 3313 quidem
491 3244 623 3313 Aeneam,
643 3245 692 3298 sed
710 3262 767 3298 non
786 3248 815 3299 et
833 3245 925 3299 amica
943 3244 998 3298 fuit
1017 3262 1088 3314 quae
1108 3245 1150 3299 ait
1170 3289 1175 3300 .
1192 3289 1197 3300 .
1214 3289 1219 3300 .
1237 3289 1241 3300 .
1262 3247 1290 3299 et

146 3335 215 3390 item
234 3335 374 3390 Catullus:
394 3334 547 3404 Cogit-
565 3334 699 3389 minus'.

238 3521 252 3569 7
271 3533 357 3583 quam
374 3519 429 3567 VH
447 3514 522 3582 quod
541 3531 570 3572 5:
589 3513 656 3582 quia
675 3513 785 3568 Statius

236 3604 356 3657 LXXIII.
384 3603 521 3658 Adhaeret
542 3605 633 3672 priori
659 3605 690 3658 ia
707 3608 763 3656 VH
793 3594 802 3672 11
835 3610 1011 3672 iquoquam
1033 3604 1182 3673 quisquam
1200 3610 1255 3658 vll

148 3693 270 3747 3nichil
290 3700 307 3746 0
331 3695 340 3764 11
368 3695 518 3748 latteram
541 3693 638 3746 taedet
657 3710 706 3747 oar.
726 3698 780 3746 VM
803 3693 922 3746 Prodest
941 3694 1004 3748 add.
1026 3694 1141 3748 Gaietas
1170 3697 1174 3762 1
1203 3694 1290 3747 immo

149 3784 216 3853 (Imo
241 3786 271 3853 G)
300 3781 386 3836 etiam
409 3781 488 3835 tedet
516 3782 628 3850 obestq;
656 3783 777 3852 (stetque
800 3786 836 3851 Η)
859 3781 982 3851 magisq;
1010 3783 1101 3852 magis
1126 3788 1193 3850 VM3
1221 3785 1292 3838 idad

149 3871 271 3941 magisq3
291 3873 399 3940 primas
417 3873 516 3926 deterrit
534 3871 684 3938 Arruntius
710 3874 758 3940 qai
775 3873 880 3925 hiatum
898 3874 1017 3940 expleuit
1036 3873 1203 3942 duplicahdo
1221 3874 1293 3928 illud

148 3961 246 4016 taedet
267 3964 276 4031 11
300 3967 315 4014 5
334 3959 420 4014 michi
439 3960 519 4030 (mihi
532 3965 568 4030 Μ)
588 3977 641 4028 que
661 3965 713 4013 GM
731 3960 833 4028 mihiq3
854 3967 871 4014 0
895 3963 904 4030 11
928 3967 943 4014 6
962 3961 1064 4016 habuit
1083 3968 1114 4016 0:
1133 3960 1221 4016 habet
1240 3966 1292 4014 GH

149 4053 167 4105 i.
186 4069 270 4122 marp.
291 4054 322 4103 al
339 4050 441 4104 habuit
458 4056 486 4103 n
909 4122 920 4174 l

235 4195 367 4248 Lxxflss.
401 4196 538 4250 Adhaeret
553 4195 645 4262 priori
661 4196 693 4247 ia
711 4199 765 4247 VM
787 4196 797 4264 11
825 4200 839 4247 1
859 4193 973 4260 Gelqius
993 4200 1025 4250 0:
1044 4193 1138 4249 Lelius
1158 4199 1179 4245 (I
1197 4193 1291 4248 Lelius

148 4287 167 4339 i.
187 4302 271 4355 ruarp.
291 4288 321 4337 al
341 4283 448 4337 Gellius
466 4289 493 4336 Η
522 4284 526 4356 1
556 4283 645 4336 solere
664 4284 843 4339 Partheniae:
861 4283 926 4338 flere
945 4289 1000 4337 VM
1026 4287 1035 4353 11
1063 4281 1257 4336 2delitiasn1
1284 4285 1293 4355 11

149 4380 165 4426 3
180 4374 214 4427 H'
228 4379 297 4427 neo
314 4374 318 4437 1
334 4373 498 4442 perdespuit
507 4378 569 4441 VH,
583 4390 651 4428 corr.
667 4373 788 4444 Scatiper
801 4375 810 4442 11
824 4379 841 4426 4
854 4373 977 4427 reddito
994 4374 998 4445 1
1014 4372 1231 4443 harpocrathem
1241 4378 1293 4426 GH

238 4462 345 4517 LXXV.
383 4463 520 4519 Adhaeret
534 4465 625 4534 priori
643 4464 673 4517 ia
691 4467 747 4515 vn
768 4465 778 4533 11
806 4463 901 4518 1Huc
923 4468 989 4520 VH:
1018 4462 1099 4518 Nunc
1125 4462 1293 4519 Gaiaeiahae
