<?xml version="1.0" encoding="UTF-8"?>
<!DOCTYPE html PUBLIC "-//W3C//DTD XHTML 1.0 Transitional//EN"
    "http://www.w3.org/TR/xhtml1/DTD/xhtml1-transitional.dtd">
<html xmlns="http://www.w3.org/1999/xhtml" xml:lang="en" lang="en">
 <head>
  <title>
</title>
<meta http-equiv="Content-Type" content="text/html;charset=utf-8" />
  <meta name='ocr-system' content='tesseract 3.04.00' />
  <meta name='ocr-capabilities' content='ocr_page ocr_carea ocr_par ocr_line ocrx_word'/>
</head>
<body>
  <div class='ocr_page' id='page_1' title='image "./catulliliber00baehgoog_0021.png"; bbox 0 0 2954 4958; ppageno 0'>
   <div class='ocr_carea' id='block_1_1' title="bbox 202 306 920 365">
    <p class='ocr_par' dir='ltr' id='par_1_1' title="bbox 202 306 920 365">
     <span class='ocr_line' id='line_1_1' title="bbox 202 306 920 365; baseline 0.008 -6"><span class='ocrx_word' id='word_1_1' title='bbox 202 306 279 360; x_wconf 89' lang='lat' dir='ltr'>XIIII</span> <span class='ocrx_word' id='word_1_2' title='bbox 633 308 920 365; x_wconf 80' lang='lat' dir='ltr'>PROLEGOMENA.</span> 
     </span>
    </p>
   </div>
   <div class='ocr_carea' id='block_1_2' title="bbox 88 470 1353 1203">
    <p class='ocr_par' dir='ltr' id='par_1_2' title="bbox 88 470 1353 1203">
     <span class='ocr_line' id='line_1_2' title="bbox 201 470 1352 559; baseline 0.004 -25"><span class='ocrx_word' id='word_1_3' title='bbox 201 470 350 536; x_wconf 86' lang='lat' dir='ltr'>homines</span> <span class='ocrx_word' id='word_1_4' title='bbox 374 494 529 537; x_wconf 83' lang='lat' dir='ltr'>accusans</span> <span class='ocrx_word' id='word_1_5' title='bbox 549 470 669 537; x_wconf 80' lang='lat' dir='ltr'>Catulli</span> <span class='ocrx_word' id='word_1_6' title='bbox 689 472 831 538; x_wconf 89' lang='lat' dir='ltr'>carmina</span> <span class='ocrx_word' id='word_1_7' title='bbox 848 475 914 539; x_wconf 90' lang='lat' dir='ltr'>iam</span> <span class='ocrx_word' id='word_1_8' title='bbox 937 476 1084 541; x_wconf 89' lang='lat' dir='ltr'>lectitata</span> <span class='ocrx_word' id='word_1_9' title='bbox 1108 497 1178 540; x_wconf 90' lang='lat' dir='ltr'>esse</span> <span class='ocrx_word' id='word_1_10' title='bbox 1201 479 1352 559; x_wconf 84' lang='lat' dir='ltr'>testatur,</span> 
     </span>
     <span class='ocr_line' id='line_1_3' title="bbox 203 577 1353 666; baseline 0.003 -24"><span class='ocrx_word' id='word_1_11' title='bbox 203 600 276 642; x_wconf 93' lang='lat' dir='ltr'>cum</span> <span class='ocrx_word' id='word_1_12' title='bbox 296 579 394 644; x_wconf 92' lang='lat' dir='ltr'>dicat:</span> <span class='ocrx_word' id='word_1_13' title='bbox 419 579 506 645; x_wconf 72' lang='lat' dir='ltr'>‘hinc</span> <span class='ocrx_word' id='word_1_14' title='bbox 526 577 657 666; x_wconf 75' lang='lat' dir='ltr'>Catuli,</span> <span class='ocrx_word' id='word_1_15' title='bbox 679 579 843 665; x_wconf 74' lang='lat' dir='ltr'>Propertii</span> <span class='ocrx_word' id='word_1_16' title='bbox 867 586 900 647; x_wconf 90' lang='lat' dir='ltr'>et</span> <span class='ocrx_word' id='word_1_17' title='bbox 918 581 1059 649; x_wconf 79' lang='lat' dir='ltr'><strong>Nasonis</strong></span> <span class='ocrx_word' id='word_1_18' title='bbox 1079 581 1247 648; x_wconf 85' lang='lat' dir='ltr'>uolumina</span> <span class='ocrx_word' id='word_1_19' title='bbox 1266 583 1353 646; x_wconf 90' lang='lat' dir='ltr'>euol-</span> 
     </span>
     <span class='ocr_line' id='line_1_4' title="bbox 202 684 1351 774; baseline 0.004 -26"><span class='ocrx_word' id='word_1_20' title='bbox 202 684 305 750; x_wconf 89' lang='lat' dir='ltr'>uunt’.</span> <span class='ocrx_word' id='word_1_21' title='bbox 352 687 407 750; x_wconf 88' lang='lat' dir='ltr'>scd</span> <span class='ocrx_word' id='word_1_22' title='bbox 436 692 512 772; x_wconf 85' lang='lat' dir='ltr'>post</span> <span class='ocrx_word' id='word_1_23' title='bbox 538 687 572 751; x_wconf 92' lang='lat' dir='ltr'>id</span> <span class='ocrx_word' id='word_1_24' title='bbox 600 692 728 772; x_wconf 88' lang='lat' dir='ltr'>tempus</span> <span class='ocrx_word' id='word_1_25' title='bbox 756 687 859 753; x_wconf 91' lang='lat' dir='ltr'>altum</span> <span class='ocrx_word' id='word_1_26' title='bbox 891 713 948 774; x_wconf 90' lang='lat' dir='ltr'>per</span> <span class='ocrx_word' id='word_1_27' title='bbox 976 691 1101 774; x_wconf 84' lang='lat' dir='ltr'>aliquot</span> <span class='ocrx_word' id='word_1_28' title='bbox 1130 689 1284 755; x_wconf 88' lang='lat' dir='ltr'>decennia</span> <span class='ocrx_word' id='word_1_29' title='bbox 1313 690 1351 754; x_wconf 90' lang='lat' dir='ltr'>de</span> 
     </span>
     <span class='ocr_line' id='line_1_5' title="bbox 203 791 1352 884; baseline 0.005 -28"><span class='ocrx_word' id='word_1_30' title='bbox 203 791 332 857; x_wconf 83' lang='lat' dir='ltr'>Catullo</span> <span class='ocrx_word' id='word_1_31' title='bbox 363 793 535 859; x_wconf 88' lang='lat' dir='ltr'>silentium.</span> <span class='ocrx_word' id='word_1_32' title='bbox 587 817 671 859; x_wconf 92' lang='lat' dir='ltr'>anno</span> <span class='ocrx_word' id='word_1_33' title='bbox 705 795 833 860; x_wconf 90' lang='lat' dir='ltr'>demum</span> <span class='ocrx_word' id='word_1_34' title='bbox 868 798 953 862; x_wconf 78' lang='lat'>1374</span> <span class='ocrx_word' id='word_1_35' title='bbox 986 797 1139 863; x_wconf 81' lang='lat' dir='ltr'>Colueius</span> <span class='ocrx_word' id='word_1_36' title='bbox 1173 795 1352 884; x_wconf 69' lang='lat' dir='ltr'>deluimus,</span> 
     </span>
     <span class='ocr_line' id='line_1_6' title="bbox 88 897 1353 990; baseline 0.006 -29"><span class='ocrx_word' id='word_1_37' title='bbox 88 930 93 939; x_wconf 93' lang='lat'><em>·</em></span> <span class='ocrx_word' id='word_1_38' title='bbox 202 897 472 984; x_wconf 78' lang='lat' dir='ltr'>diligentissimus</span> <span class='ocrx_word' id='word_1_39' title='bbox 499 901 557 965; x_wconf 90' lang='lat' dir='ltr'>illo</span> <span class='ocrx_word' id='word_1_40' title='bbox 590 905 735 985; x_wconf 89' lang='lat' dir='ltr'>tempore</span> <span class='ocrx_word' id='word_1_41' title='bbox 766 907 914 968; x_wconf 90' lang='lat' dir='ltr'>ueterum</span> <span class='ocrx_word' id='word_1_42' title='bbox 947 904 1093 969; x_wconf 90' lang='lat' dir='ltr'>codicum</span> <span class='ocrx_word' id='word_1_43' title='bbox 1124 903 1353 990; x_wconf 81' lang='lat' dir='ltr'>inuestigator‚</span> 
     </span>
     <span class='ocr_line' id='line_1_7' title="bbox 200 1005 1352 1095; baseline 0.006 -26"><span class='ocrx_word' id='word_1_44' title='bbox 200 1006 235 1070; x_wconf 91' lang='lat' dir='ltr'>in</span> <span class='ocrx_word' id='word_1_45' title='bbox 268 1006 407 1091; x_wconf 79' lang='lat' dir='ltr'>epistula</span> <span class='ocrx_word' id='word_1_46' title='bbox 440 1008 479 1071; x_wconf 91' lang='lat' dir='ltr'>ad</span> <span class='ocrx_word' id='word_1_47' title='bbox 510 1005 688 1092; x_wconf 77' lang='lat' dir='ltr'>Casparum</span> <span class='ocrx_word' id='word_1_48' title='bbox 718 1009 757 1073; x_wconf 94' lang='lat' dir='ltr'>de</span> <span class='ocrx_word' id='word_1_49' title='bbox 784 1009 973 1095; x_wconf 89' lang='lat' dir='ltr'>Broaspinis</span> <span class='ocrx_word' id='word_1_50' title='bbox 1002 1009 1223 1075; x_wconf 89' lang='lat' dir='ltr'>Veronensem</span> <span class='ocrx_word' id='word_1_51' title='bbox 1251 1011 1352 1076; x_wconf 89' lang='lat' dir='ltr'>missa</span> 
     </span>
     <span class='ocr_line' id='line_1_8' title="bbox 203 1110 1351 1203; baseline 0.004 -26"><span class='ocrx_word' id='word_1_52' title='bbox 203 1110 318 1199; x_wconf 89' lang='lat' dir='ltr'>(edidit</span> <span class='ocrx_word' id='word_1_53' title='bbox 355 1119 464 1179; x_wconf 89' lang='lat' dir='ltr'>autem</span> <span class='ocrx_word' id='word_1_54' title='bbox 500 1116 584 1180; x_wconf 87' lang='lat' dir='ltr'>hane</span> <span class='ocrx_word' id='word_1_55' title='bbox 621 1121 654 1180; x_wconf 82' lang='lat' dir='ltr'>et</span> <span class='ocrx_word' id='word_1_56' title='bbox 691 1122 861 1200; x_wconf 82' lang='lat' dir='ltr'>sequentes</span> <span class='ocrx_word' id='word_1_57' title='bbox 894 1141 914 1182; x_wconf 84' lang='lat' dir='ltr'>a</span> <span class='ocrx_word' id='word_1_58' title='bbox 944 1118 1147 1184; x_wconf 90' lang='lat' dir='ltr'>Mommseno</span> <span class='ocrx_word' id='word_1_59' title='bbox 1180 1119 1351 1203; x_wconf 84' lang='lat' dir='ltr'>indagatas</span> 
     </span>
    </p>
   </div>
   <div class='ocr_carea' id='block_1_3' title="bbox 157 1221 1448 4534">
    <p class='ocr_par' dir='ltr' id='par_1_3' title="bbox 157 1221 1448 4534">
     <span class='ocr_line' id='line_1_9' title="bbox 201 1221 1350 1311; baseline 0.004 -26"><span class='ocrx_word' id='word_1_60' title='bbox 201 1221 364 1306; x_wconf 89' lang='lat' dir='ltr'>Hauptius</span> <span class='ocrx_word' id='word_1_61' title='bbox 387 1222 423 1286; x_wconf 95' lang='lat' dir='ltr'>in</span> <span class='ocrx_word' id='word_1_62' title='bbox 445 1227 536 1287; x_wconf 89' lang='lat' dir='ltr'>nunt.</span> <span class='ocrx_word' id='word_1_63' title='bbox 561 1224 670 1289; x_wconf 86' lang='lat' dir='ltr'>societ.</span> <span class='ocrx_word' id='word_1_64' title='bbox 694 1224 757 1289; x_wconf 81' lang='lat' dir='ltr'>litt.</span> <span class='ocrx_word' id='word_1_65' title='bbox 781 1223 895 1290; x_wconf 84' lang='lat' dir='ltr'>Saxon.</span> <span class='ocrx_word' id='word_1_66' title='bbox 919 1249 947 1290; x_wconf 88' lang='lat' dir='ltr'>a.</span> <span class='ocrx_word' id='word_1_67' title='bbox 973 1227 1057 1291; x_wconf 80' lang='lat'>1849</span> <span class='ocrx_word' id='word_1_68' title='bbox 1080 1250 1111 1311; x_wconf 89' lang='lat' dir='ltr'>p.</span> <span class='ocrx_word' id='word_1_69' title='bbox 1131 1225 1194 1289; x_wconf 74' lang='lat'>257</span> <span class='ocrx_word' id='word_1_70' title='bbox 1207 1247 1267 1311; x_wconf 83' lang='lat' dir='ltr'>sq.;</span> <span class='ocrx_word' id='word_1_71' title='bbox 1299 1247 1350 1311; x_wconf 91' lang='lat' dir='ltr'>op.</span> 
     </span>
     <span class='ocr_line' id='line_1_10' title="bbox 200 1326 1350 1415; baseline 0.003 -23"><span class='ocrx_word' id='word_1_72' title='bbox 200 1328 299 1393; x_wconf 74' lang='lat'>1277</span> <span class='ocrx_word' id='word_1_73' title='bbox 312 1326 373 1415; x_wconf 80' lang='lat' dir='ltr'>sq.)</span> <span class='ocrx_word' id='word_1_74' title='bbox 396 1329 476 1395; x_wconf 87' lang='lat' dir='ltr'>hacc</span> <span class='ocrx_word' id='word_1_75' title='bbox 501 1331 638 1396; x_wconf 89' lang='lat' dir='ltr'>scribit:·</span> <span class='ocrx_word' id='word_1_76' title='bbox 656 1331 857 1405; x_wconf 84' lang='lat' dir='ltr'>Bemcmutus</span> <span class='ocrx_word' id='word_1_77' title='bbox 885 1335 920 1398; x_wconf 80' lang='lat' dir='ltr'>dc</span> <span class='ocrx_word' id='word_1_78' title='bbox 942 1333 1059 1408; x_wconf 74' lang='lat' dir='ltr'>Immo,</span> <span class='ocrx_word' id='word_1_79' title='bbox 1089 1355 1110 1396; x_wconf 88' lang='lat' dir='ltr'>o</span> <span class='ocrx_word' id='word_1_80' title='bbox 1132 1353 1190 1414; x_wconf 78' lang='lat' dir='ltr'>quo</span> <span class='ocrx_word' id='word_1_81' title='bbox 1208 1334 1350 1414; x_wconf 88' lang='lat' dir='ltr'>primum</span> 
     </span>
     <span class='ocr_line' id='line_1_11' title="bbox 202 1437 1350 1524; baseline 0.003 -24"><span class='ocrx_word' id='word_1_82' title='bbox 202 1437 238 1500; x_wconf 88' lang='lat' dir='ltr'>de</span> <span class='ocrx_word' id='word_1_83' title='bbox 261 1441 400 1519; x_wconf 85' lang='lat' dir='ltr'>tepruta</span> <span class='ocrx_word' id='word_1_84' title='bbox 422 1440 530 1522; x_wconf 86' lang='lat' dir='ltr'>accepi,</span> <span class='ocrx_word' id='word_1_85' title='bbox 554 1441 708 1524; x_wconf 79' lang='lat' dir='ltr'>suppessit,</span> <span class='ocrx_word' id='word_1_86' title='bbox 731 1441 792 1504; x_wconf 91' lang='lat' dir='ltr'>imo</span> <span class='ocrx_word' id='word_1_87' title='bbox 809 1442 958 1522; x_wconf 87' lang='lat' dir='ltr'>promisit</span> <span class='ocrx_word' id='word_1_88' title='bbox 974 1463 995 1504; x_wconf 89' lang='lat' dir='ltr'>a</span> <span class='ocrx_word' id='word_1_89' title='bbox 1014 1445 1041 1505; x_wconf 88' lang='lat' dir='ltr'>te</span> <span class='ocrx_word' id='word_1_90' title='bbox 1058 1442 1296 1523; x_wconf 86' lang='lat' dir='ltr'>impetraturum</span> <span class='ocrx_word' id='word_1_91' title='bbox 1314 1445 1350 1503; x_wconf 88' lang='lat' dir='ltr'>ut</span> 
     </span>
     <span class='ocr_line' id='line_1_12' title="bbox 202 1544 1349 1630; baseline 0.002 -22"><span class='ocrx_word' id='word_1_92' title='bbox 202 1544 400 1630; x_wconf 74' lang='lat' dir='ltr'>Propertium</span> <span class='ocrx_word' id='word_1_93' title='bbox 427 1550 455 1610; x_wconf 89' lang='lat' dir='ltr'>et</span> <span class='ocrx_word' id='word_1_94' title='bbox 481 1544 640 1612; x_wconf 81' lang='lat' dir='ltr'>Catullum</span> <span class='ocrx_word' id='word_1_95' title='bbox 666 1547 814 1612; x_wconf 75' lang='lat' dir='ltr'>iuberem.</span> <span class='ocrx_word' id='word_1_96' title='bbox 865 1547 974 1614; x_wconf 85' lang='lat' dir='ltr'>Nescio</span> <span class='ocrx_word' id='word_1_97' title='bbox 1006 1548 1036 1613; x_wconf 85' lang='lat' dir='ltr'>si</span> <span class='ocrx_word' id='word_1_98' title='bbox 1067 1549 1103 1612; x_wconf 88' lang='lat' dir='ltr'>de</span> <span class='ocrx_word' id='word_1_99' title='bbox 1129 1547 1185 1611; x_wconf 78' lang='lat' dir='ltr'>hoc</span> <span class='ocrx_word' id='word_1_100' title='bbox 1210 1547 1349 1628; x_wconf 80' lang='lat' dir='ltr'>scripsit:</span> 
     </span>
     <span class='ocr_line' id='line_1_13' title="bbox 202 1652 1352 1739; baseline 0.002 -23"><span class='ocrx_word' id='word_1_101' title='bbox 202 1652 263 1716; x_wconf 89' lang='lat' dir='ltr'>scio</span> <span class='ocrx_word' id='word_1_102' title='bbox 291 1653 372 1733; x_wconf 79' lang='lat' dir='ltr'>quod</span> <span class='ocrx_word' id='word_1_103' title='bbox 397 1653 558 1736; x_wconf 83' lang='lat' dir='ltr'>interprete</span> <span class='ocrx_word' id='word_1_104' title='bbox 583 1674 647 1718; x_wconf 82' lang='lat' dir='ltr'>mou</span> <span class='ocrx_word' id='word_1_105' title='bbox 674 1655 793 1737; x_wconf 80' lang='lat' dir='ltr'>iudipeo</span> <span class='ocrx_word' id='word_1_106' title='bbox 817 1658 920 1720; x_wconf 72' lang='lat' dir='ltr'>tecum</span> <span class='ocrx_word' id='word_1_107' title='bbox 962 1654 987 1718; x_wconf 93' lang='lat' dir='ltr'>I</span> <span class='ocrx_word' id='word_1_108' title='bbox 988 1655 1056 1739; x_wconf 85' lang='lat' dir='ltr'>iios,</span> <span class='ocrx_word' id='word_1_109' title='bbox 1079 1655 1109 1718; x_wconf 83' lang='lat' dir='ltr'>si</span> <span class='ocrx_word' id='word_1_110' title='bbox 1126 1659 1220 1739; x_wconf 88' lang='lat' dir='ltr'>potes,</span> <span class='ocrx_word' id='word_1_111' title='bbox 1241 1654 1293 1733; x_wconf 82' lang='lat' dir='ltr'>foc</span> <span class='ocrx_word' id='word_1_112' title='bbox 1316 1659 1352 1718; x_wconf 90' lang='lat' dir='ltr'>ut</span> 
     </span>
     <span class='ocr_line' id='line_1_14' title="bbox 205 1760 1350 1844; baseline 0.002 -23"><span class='ocrx_word' id='word_1_113' title='bbox 205 1760 336 1823; x_wconf 87' lang='lat' dir='ltr'>uideam.</span> <span class='ocrx_word' id='word_1_114' title='bbox 384 1760 459 1824; x_wconf 83' lang='lat' dir='ltr'>Vale</span> <span class='ocrx_word' id='word_1_115' title='bbox 477 1761 537 1825; x_wconf 90' lang='lat' dir='ltr'>mei</span> <span class='ocrx_word' id='word_1_116' title='bbox 558 1781 680 1825; x_wconf 73' lang='lat' dir='ltr'>rumor.</span> <span class='ocrx_word' id='word_1_117' title='bbox 700 1760 753 1825; x_wconf 87' lang='lat' dir='ltr'>Fi.</span> <span class='ocrx_word' id='word_1_118' title='bbox 769 1760 868 1825; x_wconf 88' lang='lat' dir='ltr'>XIII</span> <span class='ocrx_word' id='word_1_119' title='bbox 884 1762 942 1826; x_wconf 88' lang='lat' dir='ltr'>Kt.</span> <span class='ocrx_word' id='word_1_120' title='bbox 960 1760 1039 1826; x_wconf 72' lang='lat' dir='ltr'>Sext.</span> <span class='ocrx_word' id='word_1_121' title='bbox 1066 1761 1242 1844; x_wconf 90' lang='lat' dir='ltr'>eodemque</span> <span class='ocrx_word' id='word_1_122' title='bbox 1264 1782 1350 1824; x_wconf 88' lang='lat' dir='ltr'>anno</span> 
     </span>
     <span class='ocr_line' id='line_1_15' title="bbox 157 1865 1353 1949; baseline 0.003 -21"><span class='ocrx_word' id='word_1_123' title='bbox 157 1883 159 1887; x_wconf 90' lang='grc'><strong><em>·</em></strong></span> <span class='ocrx_word' id='word_1_124' title='bbox 203 1865 244 1928; x_wconf 89' lang='lat' dir='ltr'>ad</span> <span class='ocrx_word' id='word_1_125' title='bbox 266 1865 374 1949; x_wconf 89' lang='lat' dir='ltr'>ipsum</span> <span class='ocrx_word' id='word_1_126' title='bbox 396 1867 490 1931; x_wconf 88' lang='lat' dir='ltr'>illum</span> <span class='ocrx_word' id='word_1_127' title='bbox 512 1866 741 1932; x_wconf 86' lang='lat' dir='ltr'>Benuenutum</span> <span class='ocrx_word' id='word_1_128' title='bbox 764 1868 802 1931; x_wconf 92' lang='lat' dir='ltr'>de</span> <span class='ocrx_word' id='word_1_129' title='bbox 825 1867 929 1932; x_wconf 85' lang='lat' dir='ltr'>Imola</span> <span class='ocrx_word' id='word_1_130' title='bbox 951 1869 1037 1932; x_wconf 92' lang='lat' dir='ltr'>inter</span> <span class='ocrx_word' id='word_1_131' title='bbox 1061 1867 1125 1932; x_wconf 89' lang='lat' dir='ltr'>alia</span> <span class='ocrx_word' id='word_1_132' title='bbox 1147 1867 1227 1932; x_wconf 87' lang='lat' dir='ltr'>haec</span> <span class='ocrx_word' id='word_1_133' title='bbox 1251 1867 1353 1931; x_wconf 86' lang='lat' dir='ltr'>dedit:</span> 
     </span>
     <span class='ocr_line' id='line_1_16' title="bbox 205 1955 1352 2057; baseline 0.003 -21"><span class='ocrx_word' id='word_1_134' title='bbox 205 1973 275 2037; x_wconf 78' lang='lat' dir='ltr'>Tua</span> <span class='ocrx_word' id='word_1_135' title='bbox 302 1974 429 2055; x_wconf 83' lang='lat' dir='ltr'>epistota</span> <span class='ocrx_word' id='word_1_136' title='bbox 460 1974 509 2038; x_wconf 83' lang='lat' dir='ltr'>uit</span> <span class='ocrx_word' id='word_1_137' title='bbox 535 1974 626 2039; x_wconf 84' lang='lat' dir='ltr'>ciirrd</span> <span class='ocrx_word' id='word_1_138' title='bbox 649 1975 714 2054; x_wconf 83' lang='lat' dir='ltr'>fuit</span> <span class='ocrx_word' id='word_1_139' title='bbox 739 1995 833 2056; x_wconf 81' lang='lat' dir='ltr'>quam</span> <span class='ocrx_word' id='word_1_140' title='bbox 861 1996 950 2039; x_wconf 87' lang='lat' dir='ltr'>umor</span> <span class='ocrx_word' id='word_1_141' title='bbox 980 1955 1010 2039; x_wconf 83' lang='lat' dir='ltr'>et</span> <span class='ocrx_word' id='word_1_142' title='bbox 1045 1974 1174 2057; x_wconf 78' lang='lat' dir='ltr'>curitm,</span> <span class='ocrx_word' id='word_1_143' title='bbox 1203 1974 1352 2056; x_wconf 81' lang='lat' dir='ltr'>imprimis</span> 
     </span>
     <span class='ocr_line' id='line_1_17' title="bbox 202 2079 1352 2164; baseline 0.001 -20"><span class='ocrx_word' id='word_1_144' title='bbox 202 2082 284 2162; x_wconf 79' lang='lat' dir='ltr'>quod</span> <span class='ocrx_word' id='word_1_145' title='bbox 304 2086 445 2146; x_wconf 88' lang='lat' dir='ltr'>uotomm</span> <span class='ocrx_word' id='word_1_146' title='bbox 467 2102 604 2145; x_wconf 88' lang='lat' dir='ltr'>meorum</span> <span class='ocrx_word' id='word_1_147' title='bbox 634 2082 889 2164; x_wconf 84' lang='lat' dir='ltr'>dilipeutissimus</span> <span class='ocrx_word' id='word_1_148' title='bbox 911 2086 1049 2147; x_wconf 79' lang='lat' dir='ltr'>executor</span> <span class='ocrx_word' id='word_1_149' title='bbox 1071 2081 1249 2163; x_wconf 68' lang='lat' dir='ltr'>duerniones</span> <span class='ocrx_word' id='word_1_150' title='bbox 1271 2079 1352 2145; x_wconf 88' lang='lat' dir='ltr'>Pro-</span> 
     </span>
     <span class='ocr_line' id='line_1_18' title="bbox 197 2187 1353 2271; baseline -0.001 -19"><span class='ocrx_word' id='word_1_151' title='bbox 197 2189 335 2269; x_wconf 89' lang='lat' dir='ltr'>pertium</span> <span class='ocrx_word' id='word_1_152' title='bbox 372 2187 587 2270; x_wconf 80' lang='lat' dir='ltr'>Ootrdiumpue</span> <span class='ocrx_word' id='word_1_153' title='bbox 618 2209 773 2270; x_wconf 84' lang='lat' dir='ltr'>procuras</span> <span class='ocrx_word' id='word_1_154' title='bbox 808 2210 939 2271; x_wconf 78' lang='lat' dir='ltr'>quorum</span> <span class='ocrx_word' id='word_1_155' title='bbox 974 2188 1053 2252; x_wconf 80' lang='lat' dir='ltr'>miii</span> <span class='ocrx_word' id='word_1_156' title='bbox 1084 2188 1131 2252; x_wconf 86' lang='lat' dir='ltr'>m&#39;t</span> <span class='ocrx_word' id='word_1_157' title='bbox 1156 2207 1256 2271; x_wconf 82' lang='lat' dir='ltr'>paene</span> <span class='ocrx_word' id='word_1_158' title='bbox 1288 2189 1353 2252; x_wconf 81' lang='lat' dir='ltr'>uisi</span> 
     </span>
     <span class='ocr_line' id='line_1_19' title="bbox 202 2294 1350 2378; baseline -0.002 -18"><span class='ocrx_word' id='word_1_159' title='bbox 202 2316 312 2360; x_wconf 83' lang='lat' dir='ltr'>uomere</span> <span class='ocrx_word' id='word_1_160' title='bbox 335 2296 478 2361; x_wconf 86' lang='lat' dir='ltr'>iuuetuit.</span> <span class='ocrx_word' id='word_1_161' title='bbox 529 2294 619 2375; x_wconf 73' lang='lat' dir='ltr'>Quod</span> <span class='ocrx_word' id='word_1_162' title='bbox 639 2301 675 2361; x_wconf 94' lang='lat' dir='ltr'>ut</span> <span class='ocrx_word' id='word_1_163' title='bbox 690 2297 836 2378; x_wconf 74' lang='lat' dir='ltr'>perlicere</span> <span class='ocrx_word' id='word_1_164' title='bbox 853 2297 971 2362; x_wconf 86' lang='lat' dir='ltr'>ceucris</span> <span class='ocrx_word' id='word_1_165' title='bbox 988 2315 1087 2360; x_wconf 86' lang='lat' dir='ltr'>erroro.</span> <span class='ocrx_word' id='word_1_166' title='bbox 1133 2294 1248 2378; x_wconf 80' lang='lat' dir='ltr'>Iuperrs</span> <span class='ocrx_word' id='word_1_167' title='bbox 1266 2296 1350 2359; x_wconf 85' lang='lat' dir='ltr'>euim</span> 
     </span>
     <span class='ocr_line' id='line_1_20' title="bbox 201 2399 1353 2486; baseline -0.003 -19"><span class='ocrx_word' id='word_1_168' title='bbox 201 2404 311 2485; x_wconf 89' lang='lat' dir='ltr'>cupido</span> <span class='ocrx_word' id='word_1_169' title='bbox 333 2403 412 2468; x_wconf 79' lang='lat' dir='ltr'>miii</span> <span class='ocrx_word' id='word_1_170' title='bbox 439 2404 494 2468; x_wconf 93' lang='lat' dir='ltr'>diu</span> <span class='ocrx_word' id='word_1_171' title='bbox 515 2403 580 2484; x_wconf 76' lang='lat' dir='ltr'>fuit</span> <span class='ocrx_word' id='word_1_172' title='bbox 596 2408 703 2485; x_wconf 85' lang='lat' dir='ltr'>poetas</span> <span class='ocrx_word' id='word_1_173' title='bbox 731 2405 873 2486; x_wconf 86' lang='lat' dir='ltr'>aspicere.</span> <span class='ocrx_word' id='word_1_174' title='bbox 902 2403 993 2468; x_wconf 89' lang='lat' dir='ltr'>VIII</span> <span class='ocrx_word' id='word_1_175' title='bbox 1013 2402 1088 2467; x_wconf 86' lang='lat' dir='ltr'>Kal.</span> <span class='ocrx_word' id='word_1_176' title='bbox 1112 2399 1248 2466; x_wconf 80' lang='lat' dir='ltr'>Sextilis.</span> <span class='ocrx_word' id='word_1_177' title='bbox 1295 2402 1353 2484; x_wconf 88' lang='lat' dir='ltr'>qui</span> 
     </span>
     <span class='ocr_line' id='line_1_21' title="bbox 201 2507 1353 2594; baseline -0.002 -21"><span class='ocrx_word' id='word_1_178' title='bbox 201 2510 266 2574; x_wconf 90' lang='lat' dir='ltr'>loci</span> <span class='ocrx_word' id='word_1_179' title='bbox 294 2532 331 2575; x_wconf 92' lang='lat' dir='ltr'>eo</span> <span class='ocrx_word' id='word_1_180' title='bbox 361 2511 499 2576; x_wconf 86' lang='lat' dir='ltr'>maxime</span> <span class='ocrx_word' id='word_1_181' title='bbox 528 2515 603 2575; x_wconf 89' lang='lat' dir='ltr'>sunt</span> <span class='ocrx_word' id='word_1_182' title='bbox 632 2511 858 2575; x_wconf 79' lang='lat' dir='ltr'>memorabiles</span> <span class='ocrx_word' id='word_1_183' title='bbox 888 2511 973 2594; x_wconf 89' lang='lat' dir='ltr'>quod</span> <span class='ocrx_word' id='word_1_184' title='bbox 1000 2510 1073 2574; x_wconf 91' lang='lat' dir='ltr'>inde</span> <span class='ocrx_word' id='word_1_185' title='bbox 1099 2507 1219 2572; x_wconf 80' lang='lat' dir='ltr'>Catulli</span> <span class='ocrx_word' id='word_1_186' title='bbox 1248 2529 1353 2571; x_wconf 84' lang='lat' dir='ltr'>exem-</span> 
     </span>
     <span class='ocr_line' id='line_1_22' title="bbox 202 2615 1351 2704; baseline -0.002 -22"><span class='ocrx_word' id='word_1_187' title='bbox 202 2618 306 2702; x_wconf 90' lang='lat' dir='ltr'>plaria</span> <span class='ocrx_word' id='word_1_188' title='bbox 332 2622 403 2682; x_wconf 88' lang='lat' dir='ltr'>tum</span> <span class='ocrx_word' id='word_1_189' title='bbox 432 2618 588 2704; x_wconf 90' lang='lat' dir='ltr'>temporis</span> <span class='ocrx_word' id='word_1_190' title='bbox 618 2620 762 2683; x_wconf 91' lang='lat' dir='ltr'>nondum</span> <span class='ocrx_word' id='word_1_191' title='bbox 794 2619 964 2704; x_wconf 83' lang='lat' dir='ltr'>diuulgata</span> <span class='ocrx_word' id='word_1_192' title='bbox 994 2617 1094 2682; x_wconf 88' lang='lat' dir='ltr'>fuisse</span> <span class='ocrx_word' id='word_1_193' title='bbox 1125 2615 1351 2698; x_wconf 90' lang='lat' dir='ltr'>comperimus.</span> 
     </span>
     <span class='ocr_line' id='line_1_23' title="bbox 203 2722 1352 2809; baseline -0.002 -21"><span class='ocrx_word' id='word_1_194' title='bbox 203 2724 335 2788; x_wconf 88' lang='lat' dir='ltr'>tertiam</span> <span class='ocrx_word' id='word_1_195' title='bbox 363 2723 499 2806; x_wconf 91' lang='lat' dir='ltr'>denique</span> <span class='ocrx_word' id='word_1_196' title='bbox 528 2725 702 2809; x_wconf 89' lang='lat' dir='ltr'>epistulam</span> <span class='ocrx_word' id='word_1_197' title='bbox 727 2724 877 2790; x_wconf 79' lang='lat' dir='ltr'>Oolucius</span> <span class='ocrx_word' id='word_1_198' title='bbox 905 2725 1086 2789; x_wconf 85' lang='lat' dir='ltr'>iterumad</span> <span class='ocrx_word' id='word_1_199' title='bbox 1112 2722 1289 2808; x_wconf 72' lang='lat' dir='ltr'>Uesperum</span> <span class='ocrx_word' id='word_1_200' title='bbox 1314 2724 1352 2787; x_wconf 92' lang='lat' dir='ltr'>de</span> 
     </span>
     <span class='ocr_line' id='line_1_24' title="bbox 203 2829 1352 2916; baseline 0 -21"><span class='ocrx_word' id='word_1_201' title='bbox 203 2829 392 2915; x_wconf 86' lang='lat' dir='ltr'>Broaspinis</span> <span class='ocrx_word' id='word_1_202' title='bbox 421 2831 524 2896; x_wconf 90' lang='lat' dir='ltr'>mittit</span> <span class='ocrx_word' id='word_1_203' title='bbox 551 2831 649 2897; x_wconf 91' lang='lat' dir='ltr'>hanc:</span> <span class='ocrx_word' id='word_1_204' title='bbox 677 2833 901 2916; x_wconf 82' lang='lat' dir='ltr'>Lepidissimos</span> <span class='ocrx_word' id='word_1_205' title='bbox 927 2837 1017 2914; x_wconf 76' lang='lat' dir='ltr'>atque</span> <span class='ocrx_word' id='word_1_206' title='bbox 1044 2832 1262 2897; x_wconf 83' lang='lat' dir='ltr'>ornatissimas</span> <span class='ocrx_word' id='word_1_207' title='bbox 1289 2832 1352 2913; x_wconf 90' lang='lat' dir='ltr'>epi·</span> 
     </span>
     <span class='ocr_line' id='line_1_25' title="bbox 202 2939 1352 3025; baseline -0.001 -22"><span class='ocrx_word' id='word_1_208' title='bbox 202 2939 296 3004; x_wconf 82' lang='lat' dir='ltr'>stolus</span> <span class='ocrx_word' id='word_1_209' title='bbox 324 2942 394 3004; x_wconf 79' lang='lat' dir='ltr'>mos</span> <span class='ocrx_word' id='word_1_210' title='bbox 414 2939 520 3020; x_wconf 77' lang='lat' dir='ltr'>pridie</span> <span class='ocrx_word' id='word_1_211' title='bbox 551 2941 650 3005; x_wconf 85' lang='lat' dir='ltr'>auida</span> <span class='ocrx_word' id='word_1_212' title='bbox 676 2962 788 3025; x_wconf 83' lang='lat' dir='ltr'>mauu,</span> <span class='ocrx_word' id='word_1_213' title='bbox 818 2940 871 3004; x_wconf 88' lang='lat' dir='ltr'>sed</span> <span class='ocrx_word' id='word_1_214' title='bbox 897 2940 1038 3004; x_wconf 88' lang='lat' dir='ltr'>uuidiore</span> <span class='ocrx_word' id='word_1_215' title='bbox 1064 2944 1174 3019; x_wconf 69' lang='lat' dir='ltr'>meum,</span> <span class='ocrx_word' id='word_1_216' title='bbox 1205 2943 1256 3002; x_wconf 92' lang='lat' dir='ltr'>tuo</span> <span class='ocrx_word' id='word_1_217' title='bbox 1283 2940 1352 3003; x_wconf 88' lang='lat' dir='ltr'>uiso</span> 
     </span>
     <span class='ocr_line' id='line_1_26' title="bbox 202 3046 1354 3167; baseline -0.003 -55"><span class='ocrx_word' id='word_1_218' title='bbox 202 3047 339 3132; x_wconf 81' lang='lat' dir='ltr'>nomiae,</span> <span class='ocrx_word' id='word_1_219' title='bbox 368 3048 465 3112; x_wconf 85' lang='lat' dir='ltr'>taetus</span> <span class='ocrx_word' id='word_1_220' title='bbox 492 3049 650 3130; x_wconf 86' lang='lat' dir='ltr'>occepi.</span> <span class='ocrx_word' id='word_1_221' title='bbox 669 3048 752 3113; x_wconf 81' lang='lat' dir='ltr'>‚Si</span> <span class='ocrx_word' id='word_1_222' title='bbox 773 3069 863 3167; x_wconf 84' lang='lat' dir='ltr'>prece</span> <span class='ocrx_word' id='word_1_223' title='bbox 890 3047 939 3112; x_wconf 85' lang='lat' dir='ltr'>uel</span> <span class='ocrx_word' id='word_1_224' title='bbox 961 3047 1062 3128; x_wconf 88' lang='lat' dir='ltr'>pretio</span> <span class='ocrx_word' id='word_1_225' title='bbox 1092 3046 1289 3128; x_wconf 83' lang='lat' dir='ltr'>Propertium</span> <span class='ocrx_word' id='word_1_226' title='bbox 1317 3047 1354 3110; x_wconf 92' lang='lat' dir='ltr'>de</span> 
     </span>
     <span class='ocr_line' id='line_1_27' title="bbox 202 3097 1354 3240; baseline -0.003 -21"><span class='ocrx_word' id='word_1_227' title='bbox 202 3155 293 3219; x_wconf 83' lang='lat' dir='ltr'>biblio</span> <span class='ocrx_word' id='word_1_228' title='bbox 295 3097 379 3219; x_wconf 73' lang='lat' dir='ltr'>thira</span> <span class='ocrx_word' id='word_1_229' title='bbox 401 3154 490 3219; x_wconf 82' lang='lat' dir='ltr'>illius</span> <span class='ocrx_word' id='word_1_230' title='bbox 512 3154 695 3219; x_wconf 77' lang='lat' dir='ltr'>celeberrimi</span> <span class='ocrx_word' id='word_1_231' title='bbox 717 3156 790 3240; x_wconf 83' lang='lat' dir='ltr'>uiri,</span> <span class='ocrx_word' id='word_1_232' title='bbox 769 3154 1010 3219; x_wconf 84' lang='lat' dir='ltr'>r&#39;Petrarcae</span> <span class='ocrx_word' id='word_1_233' title='bbox 996 3174 1126 3235; x_wconf 79' lang='lat' dir='ltr'>mquam</span> <span class='ocrx_word' id='word_1_234' title='bbox 1144 3152 1247 3236; x_wconf 77' lang='lat' dir='ltr'>(quem</span> <span class='ocrx_word' id='word_1_235' title='bbox 1265 3151 1354 3217; x_wconf 83' lang='lat' dir='ltr'>uobis</span> 
     </span>
     <span class='ocr_line' id='line_1_28' title="bbox 202 3205 1353 3346; baseline -0.002 -20"><span class='ocrx_word' id='word_1_236' title='bbox 202 3262 390 3328; x_wconf 82' lang='lat' dir='ltr'>subtrmtum</span> <span class='ocrx_word' id='word_1_237' title='bbox 413 3281 475 3326; x_wconf 85' lang='lat' dir='ltr'>esse</span> <span class='ocrx_word' id='word_1_238' title='bbox 498 3260 720 3346; x_wconf 81' lang='lat' dir='ltr'>[†o.1374]‚</span> <span class='ocrx_word' id='word_1_239' title='bbox 741 3205 859 3345; x_wconf 77' lang='lat' dir='ltr'>pidriae</span> <span class='ocrx_word' id='word_1_240' title='bbox 882 3266 993 3345; x_wconf 83' lang='lat' dir='ltr'>tamem,</span> <span class='ocrx_word' id='word_1_241' title='bbox 1022 3265 1099 3325; x_wconf 86' lang='lat' dir='ltr'>tam¹</span> <span class='ocrx_word' id='word_1_242' title='bbox 1115 3265 1229 3325; x_wconf 77' lang='lat' dir='ltr'>cotum</span> <span class='ocrx_word' id='word_1_243' title='bbox 1252 3280 1353 3341; x_wconf 78' lang='lat' dir='ltr'>prum</span> 
     </span>
     <span class='ocr_line' id='line_1_29' title="bbox 203 3368 1351 3451; baseline -0.004 -16"><span class='ocrx_word' id='word_1_244' title='bbox 203 3377 268 3435; x_wconf 88' lang='lat' dir='ltr'>tum</span> <span class='ocrx_word' id='word_1_245' title='bbox 288 3373 387 3451; x_wconf 89' lang='lat' dir='ltr'>potest</span> <span class='ocrx_word' id='word_1_246' title='bbox 411 3368 547 3432; x_wconf 81' lang='lat' dir='ltr'>drimano</span> <span class='ocrx_word' id='word_1_247' title='bbox 575 3369 689 3434; x_wconf 88' lang='lat' dir='ltr'>iudicio</span> <span class='ocrx_word' id='word_1_248' title='bbox 717 3368 910 3450; x_wconf 79' lang='lat' dir='ltr'>ctepredendi,</span> <span class='ocrx_word' id='word_1_249' title='bbox 938 3369 1058 3434; x_wconf 85' lang='lat' dir='ltr'>moleste</span> <span class='ocrx_word' id='word_1_250' title='bbox 1083 3369 1150 3449; x_wconf 80' lang='lat' dir='ltr'>fero</span> <span class='ocrx_word' id='word_1_251' title='bbox 1178 3372 1207 3432; x_wconf 93' lang='lat' dir='ltr'>et</span> <span class='ocrx_word' id='word_1_252' title='bbox 1228 3368 1351 3431; x_wconf 90' lang='lat' dir='ltr'>metrico</span> 
     </span>
     <span class='ocr_line' id='line_1_30' title="bbox 202 3475 1354 3561; baseline -0.004 -18"><span class='ocrx_word' id='word_1_253' title='bbox 202 3477 358 3561; x_wconf 87' lang='lat' dir='ltr'>opusculo,</span> <span class='ocrx_word' id='word_1_254' title='bbox 389 3476 471 3558; x_wconf 80' lang='lat' dir='ltr'>quod</span> <span class='ocrx_word' id='word_1_255' title='bbox 492 3476 647 3540; x_wconf 85' lang='lat' dir='ltr'>absoluere</span> <span class='ocrx_word' id='word_1_256' title='bbox 670 3477 740 3560; x_wconf 85' lang='lat' dir='ltr'>cito,</span> <span class='ocrx_word' id='word_1_257' title='bbox 765 3481 799 3540; x_wconf 93' lang='lat' dir='ltr'>ut</span> <span class='ocrx_word' id='word_1_258' title='bbox 821 3475 942 3558; x_wconf 84' lang='lat' dir='ltr'>uellem,</span> <span class='ocrx_word' id='word_1_259' title='bbox 965 3477 1127 3559; x_wconf 72' lang='lat' dir='ltr'>impmior‚</span> <span class='ocrx_word' id='word_1_260' title='bbox 1152 3476 1302 3540; x_wconf 87' lang='lat' dir='ltr'>tomeutor</span> <span class='ocrx_word' id='word_1_261' title='bbox 1325 3480 1354 3538; x_wconf 89' lang='lat' dir='ltr'>et</span> 
     </span>
     <span class='ocr_line' id='line_1_31' title="bbox 201 3581 1354 3671; baseline -0.003 -21"><span class='ocrx_word' id='word_1_262' title='bbox 201 3585 289 3671; x_wconf 73' lang='lat' dir='ltr'>fleo),</span> <span class='ocrx_word' id='word_1_263' title='bbox 314 3584 420 3649; x_wconf 77' lang='lat' dir='ltr'>dodoi</span> <span class='ocrx_word' id='word_1_264' title='bbox 444 3603 533 3666; x_wconf 85' lang='lat' dir='ltr'>posse</span> <span class='ocrx_word' id='word_1_265' title='bbox 559 3584 700 3665; x_wconf 76' lang='lat' dir='ltr'>confidis,</span> <span class='ocrx_word' id='word_1_266' title='bbox 730 3583 779 3648; x_wconf 87' lang='lat' dir='ltr'>uei</span> <span class='ocrx_word' id='word_1_267' title='bbox 805 3588 841 3648; x_wconf 89' lang='lat' dir='ltr'>ut</span> <span class='ocrx_word' id='word_1_268' title='bbox 866 3603 951 3648; x_wconf 87' lang='lat' dir='ltr'>meus</span> <span class='ocrx_word' id='word_1_269' title='bbox 978 3584 1096 3648; x_wconf 84' lang='lat' dir='ltr'>situel</span> <span class='ocrx_word' id='word_1_270' title='bbox 1122 3588 1157 3648; x_wconf 89' lang='lat' dir='ltr'>ut</span> <span class='ocrx_word' id='word_1_271' title='bbox 1183 3581 1354 3664; x_wconf 77' lang='lat' dir='ltr'>exemplari</span> 
     </span>
     <span class='ocr_line' id='line_1_32' title="bbox 202 3689 1350 3776; baseline -0.006 -18"><span class='ocrx_word' id='word_1_272' title='bbox 202 3697 304 3776; x_wconf 77' lang='lat' dir='ltr'>queat,</span> <span class='ocrx_word' id='word_1_273' title='bbox 328 3693 469 3774; x_wconf 82' lang='lat' dir='ltr'>deprecor</span> <span class='ocrx_word' id='word_1_274' title='bbox 490 3696 526 3755; x_wconf 89' lang='lat' dir='ltr'>ut</span> <span class='ocrx_word' id='word_1_275' title='bbox 541 3711 696 3773; x_wconf 78' lang='lat' dir='ltr'>procures.</span> <span class='ocrx_word' id='word_1_276' title='bbox 743 3689 910 3769; x_wconf 79' lang='lat' dir='ltr'>Catullum,</span> <span class='ocrx_word' id='word_1_277' title='bbox 933 3712 1022 3772; x_wconf 81' lang='lat' dir='ltr'>quem</span> <span class='ocrx_word' id='word_1_278' title='bbox 1044 3691 1131 3755; x_wconf 89' lang='lat' dir='ltr'>credo</span> <span class='ocrx_word' id='word_1_279' title='bbox 1149 3709 1289 3773; x_wconf 83' lang='lat' dir='ltr'>paruum</span> <span class='ocrx_word' id='word_1_280' title='bbox 1314 3689 1350 3752; x_wconf 86' lang='lat' dir='ltr'>u·-</span> 
     </span>
     <span class='ocr_line' id='line_1_33' title="bbox 202 3798 1352 3882; baseline -0.007 -17"><span class='ocrx_word' id='word_1_281' title='bbox 202 3801 328 3881; x_wconf 80' lang='lat' dir='ltr'>tatium,</span> <span class='ocrx_word' id='word_1_282' title='bbox 354 3802 411 3863; x_wconf 89' lang='lat' dir='ltr'>out</span> <span class='ocrx_word' id='word_1_283' title='bbox 432 3800 636 3882; x_wconf 73' lang='lat' dir='ltr'>exemplatum</span> <span class='ocrx_word' id='word_1_284' title='bbox 663 3802 719 3862; x_wconf 80' lang='lat' dir='ltr'>aret</span> <span class='ocrx_word' id='word_1_285' title='bbox 741 3799 975 3880; x_wconf 82' lang='lat' dir='ltr'>ereriptaudum</span> <span class='ocrx_word' id='word_1_286' title='bbox 998 3821 1069 3882; x_wconf 79' lang='lat' dir='ltr'>ropo</span> <span class='ocrx_word' id='word_1_287' title='bbox 1093 3798 1266 3862; x_wconf 81' lang='lat' dir='ltr'>transmitte</span> <span class='ocrx_word' id='word_1_288' title='bbox 1290 3846 1296 3858; x_wconf 92' lang='lat'><strong>.</strong></span> <span class='ocrx_word' id='word_1_289' title='bbox 1317 3844 1324 3858; x_wconf 94' lang='lat'><strong>.</strong></span> <span class='ocrx_word' id='word_1_290' title='bbox 1347 3846 1352 3857; x_wconf 95' lang='lat'>.</span> 
     </span>
     <span class='ocr_line' id='line_1_34' title="bbox 202 3902 1354 3972; baseline -0.006 0"><span class='ocrx_word' id='word_1_291' title='bbox 202 3908 385 3972; x_wconf 80' lang='lat' dir='ltr'>Florentiae</span> <span class='ocrx_word' id='word_1_292' title='bbox 414 3905 511 3971; x_wconf 90' lang='lat' dir='ltr'>XXI</span> <span class='ocrx_word' id='word_1_293' title='bbox 531 3905 590 3968; x_wconf 85' lang='lat' dir='ltr'>Kl.</span> <span class='ocrx_word' id='word_1_294' title='bbox 613 3903 798 3970; x_wconf 74' lang='lat' dir='ltr'>Decembris</span> <span class='ocrx_word' id='word_1_295' title='bbox 849 3905 933 3968; x_wconf 92' lang='lat' dir='ltr'>unde</span> <span class='ocrx_word' id='word_1_296' title='bbox 970 3904 1005 3968; x_wconf 93' lang='lat' dir='ltr'>in</span> <span class='ocrx_word' id='word_1_297' title='bbox 1037 3904 1209 3968; x_wconf 90' lang='lat' dir='ltr'>Petrarcae</span> <span class='ocrx_word' id='word_1_298' title='bbox 1238 3902 1354 3966; x_wconf 91' lang='lat' dir='ltr'>biblio-</span> 
     </span>
     <span class='ocr_line' id='line_1_35' title="bbox 204 4010 1354 4097; baseline -0.003 -20"><span class='ocrx_word' id='word_1_299' title='bbox 204 4013 300 4078; x_wconf 85' lang='lat' dir='ltr'>theca</span> <span class='ocrx_word' id='word_1_300' title='bbox 317 4013 443 4078; x_wconf 92' lang='lat' dir='ltr'>nullum</span> <span class='ocrx_word' id='word_1_301' title='bbox 462 4011 609 4077; x_wconf 86' lang='lat' dir='ltr'>extitisse</span> <span class='ocrx_word' id='word_1_302' title='bbox 628 4010 748 4076; x_wconf 77' lang='lat' dir='ltr'>oatussi</span> <span class='ocrx_word' id='word_1_303' title='bbox 768 4011 941 4097; x_wconf 78' lang='lat' dir='ltr'>exemplar,</span> <span class='ocrx_word' id='word_1_304' title='bbox 960 4012 1016 4076; x_wconf 89' lang='lat' dir='ltr'>sed</span> <span class='ocrx_word' id='word_1_305' title='bbox 1034 4016 1163 4076; x_wconf 91' lang='lat' dir='ltr'>tantum</span> <span class='ocrx_word' id='word_1_306' title='bbox 1181 4010 1354 4095; x_wconf 78' lang='lat' dir='ltr'>Propertii,</span> 
     </span>
     <span class='ocr_line' id='line_1_36' title="bbox 202 4116 1353 4203; baseline -0.003 -18"><span class='ocrx_word' id='word_1_307' title='bbox 202 4125 289 4185; x_wconf 87' lang='lat' dir='ltr'>reete</span> <span class='ocrx_word' id='word_1_308' title='bbox 318 4120 476 4185; x_wconf 84' lang='lat' dir='ltr'>conclusit</span> <span class='ocrx_word' id='word_1_309' title='bbox 505 4117 695 4183; x_wconf 82' lang='lat' dir='ltr'>Schwabius</span> <span class='ocrx_word' id='word_1_310' title='bbox 727 4121 801 4199; x_wconf 87' lang='lat' dir='ltr'>[act.</span> <span class='ocrx_word' id='word_1_311' title='bbox 831 4124 980 4183; x_wconf 88' lang='lat' dir='ltr'>conuent.</span> <span class='ocrx_word' id='word_1_312' title='bbox 1003 4119 1081 4203; x_wconf 90' lang='lat' dir='ltr'>phil.</span> <span class='ocrx_word' id='word_1_313' title='bbox 1105 4116 1200 4182; x_wconf 86' lang='lat' dir='ltr'>Misn.</span> <span class='ocrx_word' id='word_1_314' title='bbox 1223 4141 1252 4201; x_wconf 96' lang='lat' dir='ltr'>p.</span> <span class='ocrx_word' id='word_1_315' title='bbox 1275 4118 1353 4203; x_wconf 76' lang='lat'>1173</span> 
     </span>
     <span class='ocr_line' id='line_1_37' title="bbox 204 4224 1353 4308; baseline -0.004 -16"><span class='ocrx_word' id='word_1_316' title='bbox 204 4228 297 4293; x_wconf 85' lang='lat' dir='ltr'>aliter</span> <span class='ocrx_word' id='word_1_317' title='bbox 330 4226 368 4289; x_wconf 88' lang='lat' dir='ltr'>de</span> <span class='ocrx_word' id='word_1_318' title='bbox 400 4226 510 4290; x_wconf 88' lang='lat' dir='ltr'>cadem</span> <span class='ocrx_word' id='word_1_319' title='bbox 542 4249 576 4290; x_wconf 92' lang='lat' dir='ltr'>re</span> <span class='ocrx_word' id='word_1_320' title='bbox 609 4225 772 4308; x_wconf 83' lang='lat' dir='ltr'>Hauptius</span> <span class='ocrx_word' id='word_1_321' title='bbox 804 4225 963 4291; x_wconf 89' lang='lat' dir='ltr'>iudicauit</span> <span class='ocrx_word' id='word_1_322' title='bbox 989 4225 1009 4289; x_wconf 93' lang='lat' dir='ltr'>l.</span> <span class='ocrx_word' id='word_1_323' title='bbox 1036 4226 1080 4306; x_wconf 88' lang='lat' dir='ltr'>l.].</span> <span class='ocrx_word' id='word_1_324' title='bbox 1130 4225 1209 4289; x_wconf 89' lang='lat' dir='ltr'>haec</span> <span class='ocrx_word' id='word_1_325' title='bbox 1243 4224 1353 4288; x_wconf 90' lang='lat' dir='ltr'>omnia</span> 
     </span>
     <span class='ocr_line' id='line_1_38' title="bbox 204 4331 1353 4418; baseline -0.004 -19"><span class='ocrx_word' id='word_1_326' title='bbox 204 4334 285 4399; x_wconf 87' lang='lat' dir='ltr'>sicui</span> <span class='ocrx_word' id='word_1_327' title='bbox 309 4331 395 4397; x_wconf 91' lang='lat' dir='ltr'>leuia</span> <span class='ocrx_word' id='word_1_328' title='bbox 418 4355 487 4396; x_wconf 90' lang='lat' dir='ltr'>esse</span> <span class='ocrx_word' id='word_1_329' title='bbox 506 4332 682 4418; x_wconf 86' lang='lat' dir='ltr'>putidaque</span> <span class='ocrx_word' id='word_1_330' title='bbox 702 4332 849 4396; x_wconf 87' lang='lat' dir='ltr'>doctrina</span> <span class='ocrx_word' id='word_1_331' title='bbox 873 4337 1029 4418; x_wconf 84' lang='lat' dir='ltr'>congesta</span> <span class='ocrx_word' id='word_1_332' title='bbox 1046 4333 1207 4415; x_wconf 89' lang='lat' dir='ltr'>uidentur,</span> <span class='ocrx_word' id='word_1_333' title='bbox 1224 4331 1253 4395; x_wconf 88' lang='lat' dir='ltr'>is</span> <span class='ocrx_word' id='word_1_334' title='bbox 1272 4331 1353 4395; x_wconf 87' lang='lat' dir='ltr'>haee</span> 
     </span>
     <span class='ocr_line' id='line_1_39' title="bbox 204 4437 1448 4534; baseline -0.002 -28"><span class='ocrx_word' id='word_1_335' title='bbox 204 4445 364 4534; x_wconf 87' lang='lat' dir='ltr'>reputato</span> <span class='ocrx_word' id='word_1_336' title='bbox 409 4460 449 4502; x_wconf 86' lang='lat' dir='ltr'>ex</span> <span class='ocrx_word' id='word_1_337' title='bbox 477 4438 523 4502; x_wconf 91' lang='lat' dir='ltr'>eis</span> <span class='ocrx_word' id='word_1_338' title='bbox 552 4461 633 4522; x_wconf 88' lang='lat' dir='ltr'>quae</span> <span class='ocrx_word' id='word_1_339' title='bbox 662 4439 765 4504; x_wconf 89' lang='lat' dir='ltr'>adhuc</span> <span class='ocrx_word' id='word_1_340' title='bbox 794 4439 1003 4504; x_wconf 85' lang='lat' dir='ltr'>disseruimus</span> <span class='ocrx_word' id='word_1_341' title='bbox 1032 4443 1159 4504; x_wconf 88' lang='lat' dir='ltr'>antea.</span> <span class='ocrx_word' id='word_1_342' title='bbox 1185 4437 1354 4504; x_wconf 61' lang='lat'>1374021-</span> <span class='ocrx_word' id='word_1_343' title='bbox 1445 4445 1448 4451; x_wconf 84' lang='lat'>&#39;</span> 
     </span>
    </p>
   </div>
   <div class='ocr_carea' id='block_1_4' title="bbox 0 0 1487 4958">
    <p class='ocr_par' dir='ltr' id='par_1_4' title="bbox 0 0 1487 4958">
     <span class='ocr_line' id='line_1_40' title="bbox 0 0 1487 4958; baseline 0 0"><span class='ocrx_word' id='word_1_344' title='bbox 0 0 1487 4958; x_wconf 95' lang='lat' dir='ltr'> </span> 
     </span>
    </p>
   </div>
  </div>
 </body>
</html>
