2954 4958
159 317 249 375 XVIII

586 316 870 375 PROLEGOMENA.

291 506 326 548 re
339 507 418 550 uera
430 484 595 550 hominem
611 507 726 550 sanum
739 485 840 549 uerba
856 484 915 548 illa
933 507 971 549 ex
991 482 1099 549 codice
1119 485 1194 548 anni
1215 485 1301 551 1375

290 591 411 675 partim
440 592 645 678 stultissima,
671 597 709 656 ut
738 591 873 656 ‘ualebis
902 592 930 656 si
958 591 988 656 ei
1016 592 1212 676 imprecatus
1234 614 1303 656 non

290 697 411 784 fueris',
435 698 562 764 ‘Lesbia
585 700 738 764 damnose
757 699 872 763 bibens
889 699 1133 784 interpretatur'
1157 696 1210 792 (de
1234 700 1303 783 qui-

289 805 350 869 bus
365 806 483 871 uerbis
507 804 715 871 Chatelanius
738 807 817 872 haec
841 806 920 872 dicit
942 804 1043 872 Closs.
1062 806 1134 872 Lat.
1152 806 1169 871 I
1190 831 1220 892 p.
1239 805 1302 872 IV:

225 927 229 933 '
290 911 379 977 ‘c'est
401 917 560 998 peut-etro
583 913 789 998 simplement
811 935 874 978 une
895 913 1012 1000 phrase
1032 914 1106 979 vide
1129 915 1167 979 de
1191 912 1303 1001 sens'),

288 1020 409 1104 partim
442 1021 595 1086 mendosa
625 1018 770 1108 (scripsit
798 1020 990 1106 ‘coruptus',
1017 1020 1182 1107 ‘alliquo',
1209 1021 1302 1087 ‘cori-

290 1128 392 1214 gere',
420 1127 606 1214 ‘suggeret'
637 1150 695 1213 pro
724 1125 960 1215 ‘suggereret')
990 1151 1116 1193 summa
1143 1128 1301 1215 religione

290 1233 562 1319 transcripturum
593 1234 693 1299 fuisse
715 1235 835 1320 putas?
890 1235 1004 1321 immo,
1042 1235 1149 1300 scriba
1180 1237 1301 1301 codicis

290 1341 365 1405 anni
388 1344 471 1406 1375
491 1342 571 1427 ipse,
594 1363 657 1426 qua
681 1347 750 1406 erat
770 1342 977 1428 loquacitate,
999 1364 1071 1407 eam
1090 1343 1300 1427 subscriptio-

287 1470 362 1531 nem
384 1448 420 1511 in
442 1449 505 1514 fine
529 1449 660 1513 addidit.
706 1452 847 1514 ceterum
868 1446 1077 1514 Chatelanius
1098 1448 1166 1534 ipse
1185 1455 1299 1534 postea

287 1579 313 1620 a.
340 1556 426 1621 1890
449 1553 484 1643 (l
503 1556 523 1619 1.
547 1555 701 1642 ’06111116
728 1556 906 1621 manuscrit
929 1556 968 1620 de
992 1554 1039 1621 St.
1064 1555 1300 1623 Germain-des-

291 1660 385 1749 Pres)
400 1662 638 1728 dubitationem
657 1685 749 1728 suam
763 1663 867 1728 multo
882 1663 1008 1728 cautius
1022 1663 1167 1748 protulit.
1195 1687 1300 1749 neque

288 1769 428 1834 multum
449 1770 595 1855 interest,
617 1774 728 1835 utrum
751 1769 819 1834 cod.
843 1779 871 1834 G
897 1792 936 1834 ex
959 1770 1030 1854 ipso
1054 1770 1124 1834 cod.
1142 1779 1172 1834 V
1196 1793 1237 1834 an
1261 1794 1300 1835 cx

289 1877 477 1963 apographo
497 1877 565 1941 cius
583 1876 787 1962 profluxerit:
807 1876 870 1941 hoc
889 1880 1028 1961 constat,
1046 1877 1188 1942 codicem
1206 1877 1301 1943 illurn

289 1983 406 2049 sinon
429 2007 456 2048 a.
478 1984 572 2069 1375,
596 1988 739 2048 atcerte
762 1983 872 2068 paullo
895 1987 971 2068 post
992 1980 1217 2070 (Chatelanius
1240 1986 1300 2050 1.1.

287 2113 315 2154 a.
346 2092 444 2157 1884:
473 2089 681 2156 ‘ne‘anmoins
708 2090 868 2165 l’ecriture
897 2090 1036 2175 [cursivo
1063 2091 1222 2177 romainc]
1251 2116 1301 2158 ac-

287 2219 363 2262 cuse
392 2197 469 2262 bien
494 2197 528 2262 la
554 2197 600 2261 fin
623 2198 665 2261 du
687 2196 766 2262 XIV
767 2205 779 2234 ⁰
808 2197 903 2262 siecle
931 2201 964 2262 et
991 2219 1033 2262 ne
1059 2203 1138 2282 peut
1165 2203 1232 2263 etro
1260 2200 1299 2263 de

286 2305 454 2390 beaucoup
477 2305 676 2390 poste'rieure
701 2308 720 2368 a
744 2305 844 2390 13753
868 2304 945 2370 c'est
965 2326 1028 2368 unc
1046 2304 1102 2368 des
1126 2305 1233 2392 copies
1257 2307 1300 2370 du

286 2412 465 2478 manuscrit
486 2413 589 2497 perdu
611 2412 649 2476 de
672 2409 814 2496 Ve'rone3
842 2416 875 2476 et
905 2412 933 2477 si
957 2433 992 2476 ce
1016 2413 1098 2476 n'est
1121 2435 1183 2477 une
1207 2412 1299 2499 copie

286 2521 420 2606 directe,
448 2520 525 2584 c’est
553 2542 594 2583 au
621 2519 726 2584 moins
755 2518 788 2583 la
815 2518 905 2604 copie
932 2518 965 2582 la
996 2519 1102 2583 moins
1135 2520 1300 2585 mauvaise

287 2628 342 2712 qui
369 2649 452 2692 nous
480 2630 566 2691 reste
593 2627 632 2690 de
659 2625 789 2691 l'oeuvre
821 2625 981 2709 complete
1008 2625 1047 2688 de
1075 2623 1243 2713 Catulle'),
1272 2627 1301 2691 si

285 2756 351 2798 non
369 2734 441 2818 ipsa
455 2731 595 2818 Verona,
614 2737 648 2796 at
667 2736 753 2797 certe
772 2754 872 2817 prope
885 2730 1050 2796 Veronam
1069 2728 1157 2818 (uide
1177 2731 1301 2797 Chatel.

286 2837 387 2905 Class.
411 2839 482 2904 Lat.
505 2839 522 2903 I
544 2863 573 2924 p-.
593 2836 659 2926 ΠΙ)
683 2839 842 2924 scripturn
865 2860 934 2903 esse
963 2842 997 2902 et
1024 2860 1122 2922 quarn
1153 2840 1301 2923 proxime

286 2947 326 3012 ad
345 2956 375 3011 V
399 2947 562 3033 accedere3
592 2946 627 3010 id
650 2946 736 3030 quod
767 2945 895 3010 collatis
924 2944 1057 3030 optimis
1089 2946 1182 3011 libris
1214 2970 1302 3034 mss,

286 3076 367 3139 quos
387 3076 498 3120 omnes
518 3076 557 3118 ex
576 3054 688 3119 eodem
706 3053 807 3139 fonte,
826 3052 934 3118 codice
953 3051 1144 3140 Veronensi,
1165 3054 1300 3119 fluxisse

286 3165 537 3226 consentaneum
566 3165 629 3246 est,
656 3182 715 3245 pro
744 3165 833 3225 certo
862 3164 1003 3225 statuere
1034 3160 1120 3226 licet.
1165 3161 1200 3224 in
1223 3161 1301 3226 libri

286 3273 474 3354 tegumento
511 3290 626 3333 manus
665 3267 785 3333 saeculi
817 3266 879 3331 XV
916 3268 1071 3348 bonifottc‘c'
1102 3269 1231 3350 peruttic'
1266 3274 1302 3333 et

285 3377 483 3458 Boctfattc'us
490 3377 633 3459 perutilis
646 3376 717 3455 satu.
732 3397 782 3458 op.
801 3377 836 3440 iu
855 3373 959 3440 Romo
973 3372 1018 3462 (11.
1038 3397 1064 3439 e.
1088 3374 1301 3459 prothonota-

285 3483 353 3548 rius
386 3483 598 3569 apostolicus,
625 3483 664 3548 dc
688 3504 752 3567 quo
771 3506 800 3547 u.
821 3481 946 3548 Chatel.
975 3479 1076 3548 Glaus.
1100 3481 1171 3546 Lat.
1194 3506 1224 3567 p.
1244 3479 1302 3570 V),

283 3592 381 3676 paulo
399 3591 560 3656 recentior
575 3589 792 3674 (lassiquorc‘us
809 3593 901 3675 1375,
920 3589 1056 3673 denique
1074 3588 1300 3653 recentissima

286 3697 405 3764 Catulle
426 3700 462 3765 dc
483 3720 594 3765 cerem
616 3720 637 3763 o
662 3696 821 3764 Cornelius
851 3703 961 3763 actem
984 3698 1020 3762 dc
1042 3718 1073 3762 cc
1094 3682 1191 3762 Liurc
1214 3701 1300 3762 1375

284 3805 461 3871 aduolauit.
517 3806 555 3871 de
586 3805 683 3869 huius
715 3805 792 3868 libri
823 3803 900 3869 fatis
932 3803 1015 3868 nihil
1046 3806 1213 3887 praeterea
1246 3826 1299 3867 ex-

283 3913 401 3997 piscari
424 3912 605 3997 potuimus,
632 3912 696 3977 nisi
720 3912 806 3996 quod
828 3911 991 3976 Achillem
1015 3909 1165 3996 Statium,
1188 3910 1299 3974 claris-

285 4019 402 4084 simum
427 4017 547 4085 Oatrrlli
571 4019 736 4104 editorem,
758 4018 816 4083 illo
840 4041 935 4083 usum
957 4016 1057 4082 fuisse
1079 4017 1298 4082 Baehrensius

284 4125 357 4190 inde
386 4106 531 4212 collegit,
559 4126 645 4210 quod
673 4127 865 4190 adnotatum
892 4125 933 4189 ab
958 4147 996 4190 eo
1021 4125 1060 4190 ad
1083 4125 1299 4211 11111661-

284 4236 354 4297 tare
381 4234 416 4297 in
443 4256 508 4298 uno
537 4233 646 4298 codice
669 4237 745 4317 post
768 4233 869 4298 uerba
897 4229 950 4298 Sic
971 4238 1048 4298 certe
1076 4255 1232 4318 rasuram,
1263 4231 1300 4294 in

284 4328 410 4403 nullum
429 4341 529 4405 alium
549 4341 691 4405 codicem
711 4330 809 4424 quam
824 4338 1135 4425 Sangermanensem
1152 4339 1298 4423 quadrat.

284 4445 381 4510 huius
400 4447 519 4510 codicis
539 4446 748 4511 Lachmanno
767 4445 873 4533 ignoti
891 4446 1044 4511 notitiam
1067 4445 1191 4530 primus
1210 4444 1300 4509 dedit
