2954 4958
588 308 877 370 ¹PROLEGOMENA⁸
1275 310 1314 364 XI

162 485 213 544 est
243 501 282 542 ex
309 473 452 540 tenebris
481 477 514 536 et
537 473 631 556 quasi
659 474 699 537 ab
727 473 854 558 inferis,
884 474 942 538 ubi
970 474 1127 560 degebam
1149 475 1184 538 in
1208 475 1315 562 exilio,

162 610 204 652 en
230 585 326 649 redeo
356 582 396 647 ad
423 579 564 665 patriam
594 579 772 665 Veronam3
805 581 1023 665 compatriota
1051 586 1172 666 autem,
1203 581 1237 645 id
1264 586 1315 646 est

161 693 243 758 ciuis
264 688 472 772 Veronensis,
495 710 533 751 ex
557 688 700 752 tenebris
723 688 797 752 istis
820 710 872 752 me
896 689 1002 753 eruit’.
1049 694 1081 753 et
1104 690 1139 752 in
1161 688 1223 752 hac
1246 689 1316 772 qui-

163 802 236 865 dem
263 794 531 881 interpretatione
560 795 659 860 etiam
687 817 773 859 nunc
797 794 1068 879 adquiescendum
1092 797 1162 861 erit.
1209 818 1314 880 neque

161 907 279 972 Ellisio
299 902 436 991 (proleg.
455 902 531 966 edit.
550 902 640 966 alter.
658 926 690 987 p.
709 900 785 990 XV)
809 903 970 968 assentior
988 904 1116 968 docenti
1139 905 1239 967 uerba
1256 903 1316 968 illa

162 1014 258 1079 aliter
288 1033 355 1076 non
381 1032 476 1095 posse
499 1009 646 1095 intellegi
674 1010 738 1073 nisi
760 1009 821 1074 ita:
850 1009 1051 1095 ‘longinquis
1080 1011 1230 1096 eterne,
1257 1010 1314 1074 ubi

163 1121 238 1187 exul
265 1120 416 1205 agebam,
444 1117 480 1180 in
506 1117 648 1202 patriam
675 1117 792 1181 redeo’.
838 1117 890 1181 cui
918 1117 1134 1207 Baehrensius
1164 1117 1312 1202 cupidius

161 1229 210 1293 ita
233 1226 451 1310 adstipulatus
475 1228 533 1309 cst,
556 1229 594 1288 ut
616 1223 808 1288 Ratherium
832 1248 859 1288 a
880 1226 944 1291 968
973 1248 1081 1290 secum
1108 1225 1144 1289 in
1166 1225 1315 1310 Belgiam

162 1336 198 1399 in
220 1335 355 1400 exilium
382 1332 589 1416 absportasse
619 1330 762 1396 codicem
787 1329 1007 1397 Catullianum
1030 1333 1206 1417 coniceret,
1228 1334 1312 1397 unde

165 1467 185 1508 a
208 1444 279 1508 ciue
302 1438 482 1507 Veronensi
504 1439 541 1502 in
562 1439 703 1523 patriam
725 1438 890 1504 Veronam
918 1441 1069 1505 reductus
1100 1445 1193 1504 esset.
1239 1444 1314 1504 utut

161 1556 272 1615 autem
299 1549 379 1614 haee
408 1569 442 1611 se
469 1546 605 1630 habent,
635 1567 754 1630 magna
781 1545 930 1611 Veronae
959 1551 1071 1625 exorta
1101 1551 1151 1610 est
1178 1531 1319 1631 laetitia,¹

160 1681 235 1723 cum
262 1657 453 1720 thesaurum
480 1652 720 1717 nobilissimum
748 1652 829 1718 cinis
858 1654 990 1738 quidam
1017 1653 1215 1719 Veronensis
1243 1676 1313 1739 rep-

159 1765 300 1852 perisset
331 1766 560 1848 repertumque
592 1759 717 1845 patriae
749 1760 955 1826 restituisset.
1010 1762 1155 1826 nondum
1188 1761 1312 1827 scilieet

160 1872 336 1938 obliterata
368 1874 438 1934 erat
469 1868 566 1953 fama,
598 1891 662 1952 qua
694 1868 763 1932 eius
795 1874 911 1954 poetae
945 1870 1115 1954 opuscula,
1147 1891 1211 1954 quo
1244 1869 1313 1933 filio

162 1980 294 2045 Verona
312 1977 429 2043 merito
450 1975 662 2062 gloriabatur,
681 1975 716 2039 in
733 1977 841 2060 patria
858 1977 938 2041 urbe
958 1977 1036 2042 olim
1053 1978 1224 2042 adseruata
1242 1999 1312 2042 esse

163 2088 363 2152 dicebantur.
408 2084 557 2169 publicae
579 2083 683 2168 igitur
705 2082 849 2148 laetitiae
869 2085 1050 2169 composito
1073 2084 1132 2149 illo
1155 2083 1314 2170 epigram-

163 2199 250 2259 mate
274 2194 502 2258 Beneuenutus
527 2191 595 2277 egit
617 2191 837 2276 interpretem.

250 2301 358 2386 Igitur
386 2299 513 2364 circiter
543 2322 568 2363 a.
596 2299 680 2362 1323
709 2320 747 2361 ex
774 2297 909 2363 latebris
936 2299 971 2361 in
998 2298 1103 2363 lucem
1126 2304 1312 2383 protractus

161 2415 213 2474 est
237 2407 358 2475 Catulli
380 2406 518 2470 libellus.
556 2425 682 2490 ex'quo
702 2429 730 2470 a.
752 2407 836 2470 1329
856 2405 1053 2470 Veronensis
1075 2407 1215 2492 quidam,
1239 2430 1313 2472 eum

161 2518 259 2581 fiores
283 2515 457 2580 moralium
485 2513 718 2578 auctoritatum
747 2535 786 2576 ex
813 2513 913 2577 uariis
938 2513 1125 2577 auctoribus
1149 2514 1184 2577 in
1206 2516 1313 2599 patria

162 2623 363 2689 bibliotheca
386 2625 604 2706 componeret,
627 2617 749 2685 Catulli
773 2642 901 2704 quoque
924 2643 1038 2684 uersus
1061 2625 1127 2685 tres
1151 2619 1193 2708 (e.
1217 2621 1313 2685 XXII
1340 2695 1342 2699 ¹

164 2733 204 2796 19
216 2728 279 2818 sq.)
303 2729 470 2815 exenpsru
500 2710 769 2793 cananaeus
797 2728 832 2791 n
859 2728 966 2792 raum
1000 2728 1105 2792 annu.
1128 2727 1313 2793 cxxxvii

163 2835 330 2926 (11863)
358 2862 388 2923 p.
413 2837 477 2901 552
511 2841 543 2901 et
580 2836 615 2901 L.
650 2834 839 2901 Schwabius
878 2836 914 2899 in
945 2835 1010 2900 ind.
1043 2836 1172 2900 lection.
1209 2835 1309 2920 Dorp.

161 2970 189 3011 a.
202 2946 289 3012 1864
302 2969 333 3029 p.
345 2946 364 3008 3
376 2967 422 3028 sq.
437 2966 476 3007 ex
490 2943 603 3008 codem
625 2944 734 3008 codice
748 2943 929 3009 Veronensi
948 2943 1061 3007 deinde
1082 2966 1174 3009 suam
1193 2941 1313 3007 Catulli

162 3053 316 3118 notitiam
345 3051 455 3115 hausit
479 3049 659 3116 Guilelmus
688 3051 743 3135 qui
771 3052 812 3115 ab
842 3051 994 3137 oppidulo
1024 3073 1125 3136 prope
1149 3050 1313 3116 Veronam

162 3161 227 3225 sito
250 3160 307 3224 ubi
331 3163 428 3222 natus
452 3163 522 3223 crat
541 3158 644 3222 audiit
661 3158 892 3243 Pastrengicus
912 3159 1059 3242 mxitque
1081 3158 1122 3221 ab
1141 3180 1227 3222 anno
1245 3158 1312 3222 fere

165 3266 250 3331 1295
279 3287 381 3350 usquc
409 3266 500 3330 ada.
526 3267 621 3331 1360.
666 3266 719 3331 hie
746 3267 781 3330 in
808 3266 892 3330 libro
921 3267 959 3330 de
989 3264 1178 3352 Originibus
1206 3289 1312 3330 rerum

162 3372 364 3458 conseript0,
391 3395 464 3438 cum
493 3377 648 3459 quattuor
675 3373 756 3437 locis
781 3372 946 3438 Catullum
970 3377 1215 3458 commemoret,
1238 3373 1314 3437 duo-

162 3482 224 3544 bus
252 3481 301 3544 ita
328 3479 433 3544 adfert
460 3485 497 3544 ut
522 3481 631 3565 ipsum
659 3480 802 3545 codicem
829 3501 896 3543 non
923 3480 1084 3545 euoluissc
1111 3503 1178 3544 non
1199 3479 1313 3564 possit.

164 3589 255 3652 locos
279 3609 318 3651 ex
340 3585 507 3650 rarissima
529 3586 698 3653 Michaelis
722 3587 842 3672 Angeli
864 3587 983 3652 Blondi
1007 3588 1147 3653 editione
1167 3587 1312 3652 Venetiis

161 3718 189 3759 a.
215 3693 300 3759 1547
335 3692 453 3758 emissa
488 3695 642 3779 excripsit
682 3693 847 3779 Hauptius
891 3694 1033 3778 [quaest.
1066 3696 1134 3762 Cat.
1162 3719 1192 3779 p.
1221 3688 1325 3779 5sq.;¹

165 3825 216 3886 op.
240 3801 257 3865 Ι
276 3800 321 3886 4].
360 3804 436 3864 sunt
454 3805 564 3864 autem
582 3801 675 3866 haee:
698 3826 729 3887 p.
750 3802 806 3866 16³
825 3801 962 3867 Betucius
979 3803 1200 3885 Loupobardus
1218 3806 1314 3903 pecie,

157 3911 269 3993 patrio
292 3909 542 3992 Alexandriam,
570 3907 667 3975 Oanis
687 3910 821 3992 praculis
838 3911 953 3991 primi,
981 3911 1054 3975 iude
1075 3915 1219 3994 nepotum
1242 3931 1312 3975 eau-

163 4017 323 4095 eellarius,
355 4036 486 4098 mappae
513 4016 703 4082 litteraturae
731 4018 797 4101 uir,
829 4019 968 4082 omilium
998 4017 1314 4102 historioprapleorum

162 4125 281 4208 scriptu
308 4123 504 4205 complectens
530 4127 560 4186 et
586 4145 608 4187 a
635 4124 745 4189 muudi
768 4126 987 4189 coiestructioue
1010 4125 1170 4190 exordium
1192 4146 1314 4191 samem

163 4236 349 4297 cunctarum
384 4231 522 4312 91111111
557 4231 721 4295 rationum
757 4251 863 4313 repuru
894 4231 1139 4315 populorumque
1176 4234 1314 4298 crucium

161 4338 259 4406 11111
281 4342 368 4422 peste
394 4339 561 4416 contexuit,
589 4357 665 4421 opus
684 4340 817 4421 911111,
845 4338 988 4403 uolumen
1012 4339 1208 4425 immensum,
1235 4342 1316 4422 quod

163 4447 199 4512 iu
227 4451 288 4511 tres
310 4445 467 4511 dimensus
491 4451 535 4510 eet
550 4450 670 4529 portes,
697 4451 733 4510 ut
758 4447 794 4510 de
821 4447 875 4511 illo
902 4448 965 4511 diei
986 4449 1086 4529 possit
1108 4449 1189 4530 quod
1209 4448 1315 4513 scribit
