2954 4958
127 141 201 195 LXX
556 142 840 200 PltOLECOMENA.

647 302 718 357 milri

128 308 206 424 Ill
237 362 290 427 ille
317 360 395 425 miti
421 361 525 444 impar
552 358 619 449 (ille
647 358 782 451 Impar),
810 359 986 426 XXXVIII
1011 363 1029 427 1
1057 363 1140 429 male
1171 368 1216 431 ast
1243 365 1270 431 si
1313 334 1395 410 ‘si

234 453 272 502 est
676 454 774 522 tyara

128 518 223 608 (mule
244 519 300 608 si),
324 521 430 587 LXVI
450 525 469 588 6
490 524 643 622 parioclero
670 518 785 614 (cero),
813 521 991 588 LXXIll4
1018 524 1117 590 taedet
1137 524 1271 665 obcqua
1337 515 1417 571 9⁸

126 684 282 766 caepisque
309 684 410 768 inopis
438 626 638 773 (digitique),
664 691 735 752 tum
762 682 895 822 ἓξὲξ)
923 684 999 749 socii
1024 688 1053 749 et
1079 680 1272 775 (soclus),

1354 660 1438 752 «Ο»

126 843 202 907 um
217 845 337 928 roasq.
370 845 472 910 zelare
494 845 540 911 nt
562 847 657 912 raaia
680 843 843 932 (nunus
870 842 1067 934 cunina),
1097 844 1213 911 urm
1232 848 1272 913 10
1369 814 1449 889 oo

127 1024 214 1088 tauri
235 1029 264 1088 et
286 949 506 1111 (TAURFI'P),
528 1023 730 1090 LXXXXII
755 1027 851 1093 mulis
873 948 1139 1111 aquiniolis>

214 1130 308 1195 Addo
340 1131 535 1216 scriptorum
562 1132 785 1198 Romanorum
817 1134 856 1198 de
887 1129 1007 1197 Catulli
1038 1132 1150 1197 uerbis
1184 1134 1273 1198 testi-

1385 1098 1471 1168 ‚fi-

128 1238 238 1302 monia
261 1238 427 1323 quaedam,
451 1261 588 1322 quorum
612 1262 686 1305 cum
709 1241 823 1325 multa,
844 1245 916 1305 tum
940 1242 1046 1304 aetate
1072 1239 1187 1325 priora
1207 1244 1274 1306 tex-
1392 1252 1422 1267 ”

126 1349 198 1409 tum
221 1345 378 1429 praebent
401 1346 505 1410 multo
529 1369 627 1430 quam
651 1359 677 1412 Τ
702 1352 734 1412 et
757 1357 788 1411 V
811 1345 1071 1412 emendatiorem.

216 1451 309 1528 Quod
336 1451 537 1537 Vergilius
564 1454 600 1517 in
629 1455 872 1540 epigrammatis
900 1452 990 1518 tertii
1016 1453 1081 1519 fine
1109 1454 1204 1520 dicit:
1227 1454 1276 1521 ‘ut

125 1559 180 1623 ille
199 1582 313 1623 uersus
332 1582 562 1644 usquequaque
590 1562 745 1647 pertinet:
778 1583 876 1647 gener
904 1583 1058 1645 socerque
1086 1561 1275 1646 perdidistis

127 1666 258 1751 omnia',
281 1667 321 1730 ab
344 1667 407 1732 hoe
431 1690 468 1731 ea
491 1690 588 1751 quam
611 1691 671 1733 nos
694 1691 780 1734 nuno
802 1669 959 1733 habemus
984 1665 1106 1732 Catulli
1128 1669 1276 1735 recensio

126 1774 174 1838 ita
196 1773 303 1838 differt
326 1778 363 1839 ut
385 1795 467 1840 socer
487 1796 635 1858 generque
653 1776 812 1840 exhibeat.
856 1798 995 1860 quocum
1018 1775 1168 1841 conferas
1191 1775 1274 1841 Mar·

127 1881 237 1945 tialem
262 1885 295 1945 et
317 1880 497 1947 Minucium
519 1882 671 1968 Felicem,
694 1906 831 1967 quorum
849 1883 904 1947 ille
924 1880 1039 1970 (epigr.
1057 1882 1159 1947 VIIII
1174 1886 1227 1970 70,
1239 1881 1275 1971 3)

125 1987 225 2051 habet
249 1986 335 2053 ‘cum
364 2011 462 2074 gener
490 1994 587 2074 atque
619 2013 710 2056 socer
737 1989 816 2055 diris
844 1994 1049 2055 concurreret
1076 1988 1201 2076 armis',
1222 1990 1277 2056 hic

126 2093 255 2182 (Oetau.
272 2096 323 2180 18,
338 2096 371 2182 63
394 2120 423 2180 p.
440 2098 492 2182 24,
506 2098 527 2162 5
541 2094 598 2183 H.)
622 2098 744 2183 ‘generi
763 2102 796 2162 et
815 2096 930 2163 soceri'
953 2096 1060 2181 inquit
1084 2095 1185 2163 ‘bella
1202 2100 1275 2162 toto

127 2204 204 2267 orbe
235 2202 352 2268 diffusa
383 2205 485 2290 srmt’3
517 2209 588 2269 tum
620 2210 735 2290 poetae
763 2205 835 2269 aeui
864 2203 1043 2269 Neroniani
1071 2204 1108 2267 in
1138 2202 1275 2269 Anthol

126 2311 197 2375 Lat.
222 2308 251 2397 (l
265 2312 331 2376 462
356 2335 384 2374 u.
402 2312 440 2375 11
457 2310 512 2398 a.)
535 2312 598 2377 hoe
621 2311 686 2377 ‘hie
709 2334 879 2397 generum,
909 2333 1057 2376 socerum
1083 2309 1140 2373 ille
1168 2310 1275 2396 petit’,

128 2417 234 2483 Luc.I
251 2419 324 2503 118,
346 2418 434 2482 Flor.
448 2417 515 2483 HlI
531 2420 561 2503 2,
577 2420 634 2504 133
657 2423 695 2483 ut
717 2419 821 2484 facete
844 2418 925 2483 illud
954 2419 992 2482 de
1016 2414 1156 2482 Caesare
1179 2416 1275 2483 Pom·

125 2525 262 2609 peioque
286 2525 408 2590 dictum
431 2547 532 2610 paene
555 2525 590 2589 in
612 2526 822 2610 prouerbium
841 2525 960 2589 abiisse
978 2512 1136 2589 uideatur.
1169 2546 1275 2609 neque

125 2653 203 2695 uero
226 2631 429 2695 immutanda
452 2637 502 2696 est
530 2634 705 2696 uerborum
736 2633 922 2718 collocatio,
949 2631 1078 2715 qualem
1105 2632 1195 2716 apud
1217 2629 1276 2697 Ca-

125 2738 243 2801 tullum
263 2759 288 2802 c.
307 2737 467 2802 XXVIIII
494 2738 692 2823 inuenimus,
720 2763 793 2804 cum
817 2739 901 2825 apud
930 2738 1066 2803 eundem
1088 2736 1274 2825 Vergilium

125 2845 205 2910 haee
228 2845 343 2931 uerba,
366 2869 448 2930 quae
472 2846 616 2910 eiusdem
640 2869 752 2911 uersus
777 2844 952 2911 Catulliani
979 2867 1105 2910 memor
1132 2844 1276 2930 scripsit,

125 2952 327 3037 reperiantur
350 2953 385 3018 in
407 2953 569 3018 Aeneidos
592 2953 664 3017 libr.
684 2952 732 3018 VI
750 2977 780 3017 u.
800 2954 863 3019 828
873 2975 919 3037 sq.

445 3082 583 3163 quantas
608 3077 692 3143 acies
718 3082 924 3163 stragemque
948 3077 1080 3142 ciebunt

285 3186 472 3271 Aggeribus
496 3209 606 3251 socer
629 3185 746 3271 alpinis
772 3189 868 3268 atque
892 3207 964 3249 arce
987 3182 1139 3249 Monoeci

285 3293 500 3378 Descendens,
520 3315 635 3379 gener
659 3292 803 3357 aduersis
826 3291 1006 3356 instructus
1029 3289 1119 3356 Eois.

126 3420 275 3484 consulto
299 3424 408 3483 autem
428 3416 575 3483 Catullus
598 3419 683 3484 hunc
705 3418 850 3482 ordinem
870 3417 1044 3481 uerborum
1063 3420 1197 3482 secutus
1216 3420 1277 3503 est,

125 3549 199 3590 cum
222 3549 279 3610 per
302 3530 410 3591 totum
429 3525 509 3589 illud
528 3549 655 3590 carmen
676 3523 846 3590 Caesarem
865 3525 1067 3609 adloquatur,
1088 3545 1156 3588 non
1179 3522 1276 3591 Pom-

125 3633 243 3717 peium,
262 3637 299 3697 ut
318 3657 348 3697 u.
369 3635 408 3697 11
426 3635 592 3715 raeparator
609 3633 711 3717 unice,
733 3654 763 3695 u.
785 3632 826 3695 12
848 3632 940 3712 fuisti
962 3628 1007 3717 (u.
1022 3629 1152 3717 Munro,
1164 3630 1276 3697 Illuci-

125 3739 254 3804 datiorrs
278 3741 341 3804 and
365 3738 548 3805 Criticisms
570 3764 601 3824 p.
622 3736 707 3824 112).
723 3776 766 3784 —
784 3760 843 3804 neo
866 3736 1028 3802 Verrius
1051 3736 1216 3803 Flaccus
1238 3738 1274 3803 in

125 3867 244 3931 magno
267 3847 324 3911 illo
349 3849 387 3912 de
411 3847 586 3911 uerborum
609 3845 793 3931 significatu
817 3868 913 3931 opere
933 3842 1098 3911 Catullum
1116 3844 1273 3931 neglexit.

125 3976 164 4016 ex
188 3977 251 4038 quo
276 3954 331 4038 qui
355 3978 414 4020 sua
438 3953 599 4038 excerpsit
625 3952 799 4037 Pompeius
827 3952 945 4017 Festus
972 3950 1157 4037 praeclaras
1181 3950 1224 4017 ad
1246 3974 1272 4017 c.

125 4058 220 4123 XVII
244 4060 295 4144 19,
326 4061 435 4125 LXIII
454 4064 511 4146 38,
542 4058 757 4124 LXXXXVH
777 4061 796 4124 6
824 4058 981 4124 lectiones
1009 4058 1050 4122 ad
1072 4080 1134 4123 nos
1156 4080 1273 4144 propa·

125 4166 223 4253 gauit.
252 4201 290 4211 -
316 4166 428 4233 deinde
453 4167 597 4234 Seneca
624 4171 730 4252 pater,
752 4166 809 4231 ubi
837 4165 958 4231 Catulli
986 4162 1104 4229 LH15
1133 4185 1273 4230 comme-

124 4279 244 4361 morat,
272 4278 394 4338 reetam
420 4275 594 4340 lectionem
622 4279 735 4340 contra
757 4284 787 4338 V
819 4271 958 4337 exhibet.
987 4286 1032 4318 -'
1062 4294 1102 4337 ex
1132 4268 1271 4338 Caesio
