2970 4958
176 320 292 376 XXVIII
602 315 884 372 PROLEGOMENA.

173 485 227 549 hic
251 484 378 568 quidem
403 482 612 569 cogitandum
635 485 694 567 est,
716 485 889 565 propterea
912 482 998 564 quod
1022 480 1067 545 ‘in
1086 479 1193 546 Oreta'
1218 481 1318 546 etiam

174 592 210 656 in
236 592 304 657 cod.
332 591 462 656 Datano
492 589 648 653 traditum
676 592 733 652 cst.
761 625 798 635 -
829 587 893 652 alia
925 588 1075 674 denique,
1107 610 1189 672 quac
1220 588 1319 652 inter-

173 698 331 784 polatoris
355 719 424 762 esse
447 697 621 782 putabant,
643 695 771 760 lenitati
799 695 923 760 scribae
950 695 1026 760 libri
1050 706 1077 760 0
1106 695 1318 760 adscribenda

175 810 263 891 sunt,
290 809 327 870 ut
355 805 383 869 si
413 826 525 870 uersus
552 803 761 868 intercalares
789 801 864 866 LXI
885 803 958 887 143,
973 804 1036 869 148
1048 825 1094 886 sq.
1125 802 1248 889 01111011,
1278 803 1318 867 de

173 936 237 998 qua
259 935 293 977 re
316 911 401 976 infra
424 933 567 998 agemus.
1108 931 1110 934 ·

261 1019 410 1085 Vidimus
438 1019 541 1106 igItur
567 1018 688 1082 librum
711 1028 738 1083 0
762 1017 866 1083 doctis
897 1021 982 1083 certe
1009 1017 1317 1102 interpolationibus

173 1128 304 1193 omnino
328 1149 445 1213 carere,
468 1126 585 1211 quippe
610 1125 701 1190 cuius
723 1125 876 1190 librarius
901 1124 1010 1190 Latini
1034 1124 1192 1190 sermonis
1214 1148 1317 1209 paene

169 1237 303 1322 ignarus
336 1238 429 1300 esset.
470 1233 531 1298 hac
563 1255 597 1297 re
631 1233 699 1297 sinc
729 1232 826 1297 dubio
860 1232 944 1297 libro
975 1243 1006 1298 G
1034 1236 1193 1318 praestat,
1225 1232 1317 1297 cuius

172 1343 279 1408 scriba
300 1340 411 1428 paullo
435 1341 561 1406 doctior
583 1362 826 1424 nonnumquam
850 1341 918 1405 cod.
937 1352 968 1406 V
991 1341 1169 1405 correxisse
1188 1339 1317 1404 uidetur

174 1448 227 1538 (cf.
243 1472 325 1535 quos
353 1448 442 1514 locos
473 1448 571 1532 infra,
598 1448 655 1512 ubi
684 1458 710 1512 0
739 1452 772 1513 et
800 1456 855 1515 Gs
881 1448 901 1512 i.
926 1470 952 1512 e.
974 1436 1107 1513 'codices
1138 1449 1313 1513 deteriores

169 1559 254 1623 inter
274 1580 306 1622 se
326 1560 564 1641 comparantur,
587 1555 717 1642 collegi3
742 1553 856 1640 Sydov.
870 1555 891 1619 l.
905 1556 925 1618 l.
940 1579 970 1640 p.
985 1552 1087 1643 9sq.).
1120 1577 1316 1639 quamquam

170 1667 269 1731 etiam
291 1665 326 1729 in
349 1687 386 1729 eo
406 1663 515 1729 codice
538 1649 733 1728 recensendo
761 1662 940 1727 cauendum
964 1667 1027 1749 est,
1053 1685 1094 1726 ne
1118 1663 1241 1728 scribae
1266 1685 1317 1728 co-

170 1773 249 1838 dicis
265 1782 296 1837 G
311 1772 537 1857 attribuamus,
560 1793 641 1855 quae
655 1770 720 1835 iam
735 1771 770 1834 in
783 1781 814 1836 V
827 1769 965 1834 fuerant.
997 1792 1074 1834 nam
1088 1771 1173 1855 quod
1184 1769 1315 1836 ‘colitis’

169 1904 195 1945 c.
217 1879 324 1945 LXVI
348 1880 390 1945 83
417 1900 484 1942 non
507 1877 645 1962 simplici
670 1877 832 1943 scribendi
856 1899 977 1962 errore,
1007 1878 1062 1942 sed
1085 1901 1105 1942 a
1133 1882 1315 1942 correctore

168 1986 350 2072 profectum
382 1986 485 2050 uideri
509 1985 757 2070 contenderunt,
786 1987 872 2048 certe
902 2006 969 2049 non
998 2007 1018 2048 a
1048 1984 1154 2050 scriba
1183 1984 1259 2049 libri
1285 1995 1316 2049 G

167 2095 301 2158 inuenta
324 2097 374 2157 est
396 2092 605 2176 interpolatio
611 2144 620 2176 ,
650 2113 747 2175 quam
771 2091 896 2175 dicunt,
923 2113 997 2157 cum
1020 2091 1120 2156 etiam
1147 2092 1184 2156 in
1206 2102 1233 2156 0
1254 2092 1317 2157 ‘co-

169 2201 250 2266 litis'
273 2201 429 2266 traditum
454 2199 506 2264 sit.
539 2199 622 2262 unde
647 2198 864 2285 colligendum
888 2203 950 2283 est,
973 2199 1039 2263 iarn
1062 2198 1098 2263 in
1120 2209 1151 2264 V
1172 2199 1315 2285 interpo-

166 2309 322 2373 lationem
350 2308 455 2392 illam,
483 2328 580 2390 quam
607 2328 677 2370 esse
704 2310 834 2392 putant,
863 2307 1017 2372 extitisse.
1060 2307 1146 2372 idem
1172 2309 1316 2392 pertinet

168 2416 208 2480 ad
223 2413 339 2501 ‘potes’
356 2438 381 2480 c.
396 2413 555 2479 XXXXII
573 2417 622 2478 14.
654 2413 758 2478 multo
777 2413 892 2478 melius
912 2418 1029 2501 autem,
1052 2419 1209 2498 quantum
1232 2414 1316 2480 liber

168 2534 195 2588 0
228 2523 331 2588 codici
365 2532 395 2587 G
426 2525 579 2607 praestet,
610 2543 804 2607 cognoscere
831 2520 958 2607 licebit,
988 2521 1045 2585 ubi
1076 2523 1190 2588 ceteris
1221 2522 1314 2588 libris

168 2630 322 2695 adhibitis
347 2641 373 2695 0
389 2639 454 2708 Gg
477 2629 659 2695 accuratius
682 2628 768 2694 inter
792 2651 825 2693 se
849 2629 1153 2713 comparauerimus.

255 2735 341 2801 Nam
374 2759 447 2801 cum
479 2740 607 2820 praeter
644 2745 675 2800 G
707 2739 739 2800 et
775 2746 802 2800 0
831 2758 899 2800 non
934 2739 1022 2800 extat
1055 2734 1176 2808 Catulli
1213 2739 1314 2804 codex

168 2865 248 2908 saec.
276 2841 376 2906 XIIII
408 2845 559 2906 exaratus
592 2838 707 2927 (codex
744 2840 930 2928 Vicetinus,
967 2865 1062 2926 quem
1095 2844 1130 2908 F.
1162 2844 1312 2910 Blumius

168 2949 330 3031 [biblioth.
345 2949 419 3013 libr.
433 2971 509 3012 mss.
524 2947 596 3013 Ital.
610 2973 641 3034 p.
657 2949 735 3030 234]
760 2972 786 3014 a.
809 2950 894 3014 1360
909 2949 1067 3035 scriptum
1086 2950 1220 3036 dixerat,
1244 2974 1315 3016 cen·
1351 3016 1353 3019 ,

166 3060 237 3120 111111
261 3055 353 3119 annis
377 3055 537 3121 recentior
560 3060 623 3142 est,
647 3055 685 3122 cf.
701 3055 908 3121 Detlefsenus
931 3057 967 3121 in
990 3057 1071 3123 actis
1091 3079 1183 3123 conu.
1201 3058 1314 3143 philol.

166 3162 274 3226 Xilon.
293 3187 323 3247 p.
344 3161 417 3250 91),
448 3163 564 3249 ingens
597 3167 647 3228 est
678 3186 831 3228 numerus
864 3163 1023 3229 librorum
1056 3161 1314 3232 Catullianorum

166 3269 295 3334 saeculo
309 3269 372 3335 XV
391 3270 598 3355 scriptorum,
619 3292 756 3354 quorum
771 3271 844 3357 plus
865 3294 962 3355 quarn
982 3272 1190 3358 septuaginta
1209 3272 1313 3339 adhuc

164 3377 376 3441 innotuerunt
405 3376 458 3467 (cf.
477 3377 591 3463 Heysii
615 3400 759 3442 conuers.
784 3376 890 3442 Germ.
910 3376 994 3442 Cat.l
1017 3402 1047 3463 p.
1069 3375 1158 3466 278).
1195 3401 1313 3465 agmen

166 3506 278 3549 corum
301 3484 391 3549 ducit
421 3485 636 3549 Bononiensis
660 3483 717 3572 (B)
746 3509 773 3549 a.
790 3485 874 3551 1412
904 3485 1044 3570 scriptus
1072 3486 1212 3551 testibus
1235 3487 1313 3552 Det

163 3590 286 3656 lefseno
309 3592 344 3655 in
367 3592 447 3656 actis
472 3614 564 3656 conu.
586 3592 664 3677 phil.
688 3592 751 3656 Kil.
769 3617 800 3678 p.
820 3593 864 3656 90
886 3597 919 3656 01
947 3590 1138 3658 Chatelanio
1167 3586 1308 3681 (Catulle

164 3723 194 3783 p.
209 3696 271 3786 H),
295 3699 434 3764 contulit
456 3699 600 3764 Ellisius.
633 3700 731 3764 ceteri
755 3722 866 3764 omnes
890 3703 997 3764 aetate
1020 3701 1117 3787 longe
1136 3700 1307 3766 inferiores

165 3811 241 3870 sunt
269 3807 533 3892 coniunguntque
565 3807 754 3892 plerumque
782 3829 854 3871 oum
883 3805 1011 3872 Catullo
1039 3806 1204 3872 Tibullum
1231 3807 1307 3873 Pro-

163 3914 376 3998 pertiumque.
410 3936 473 3997 quo
497 3937 536 3978 011
558 3936 695 3978 1111111010
718 3914 778 3978 hos
803 3914 951 3979 attulisse
976 3915 1055 3979 satis
1078 3914 1196 3979 habeo:

230 4020 273 4084 A:
297 4021 532 4086 Ambrosianus
551 4021 586 4084 M
605 4023 661 4107 383
685 4021 821 4087 collatus
840 4025 890 4086 est
912 4023 952 4086 ab
966 4021 1092 4087 Ellisio.
1118 4019 1306 4089 Schwabius
1356 4055 1362 4065 ·

298 4125 360 4214 (ed.
380 4151 406 4193 a.
428 4130 512 4194 1886
531 4153 562 4213 p.
580 4127 625 4215 V)
649 4129 777 4193 saeculo
800 4128 900 4193 XIIII
923 4129 1051 4193 exeunti
1075 4129 1227 4194 attribuit
1251 4128 1306 4217 (cf.

296 4235 438 4320 Heysius
458 4236 516 4300 11.
535 4261 565 4321 p.
585 4233 673 4322 283).

233 4340 271 4406 0:
294 4342 486 4406 Parisiensis
506 4343 602 4428 8234,
621 4342 699 4407 olim
723 4340 942 4428 Oolbertinus3
966 4344 1173 4408 contulerunt
1200 4345 1307 4410 Dueb-

296 4471 392 4514 nerus
416 4453 449 4513 et
473 4446 506 4513 0.
530 4450 570 4514 D.
594 4447 747 4516 Oobham.
