2954 4958
533 830 883 975 rainelmo.

226 1179 343 1245 Munus
370 1203 475 1245 nouae
502 1182 599 1248 huius
626 1183 729 1248 libelli
757 1184 908 1249 editionis
941 1189 1016 1268 post
1044 1189 1285 1268 praematuram

138 1286 276 1374 Aemilii¹
298 1287 487 1353 Baehrensii
516 1295 655 1355 mortem
683 1292 842 1356 curandae
869 1291 917 1356 ita
945 1292 1086 1375 suscepi,
1113 1296 1150 1355 ut
1180 1293 1287 1375 quoad

137 1396 208 1460 fieri
231 1400 342 1479 posset
366 1419 463 1480 quam
491 1397 632 1481 plurima
662 1420 788 1483 eorum,
815 1421 896 1482 quae
924 1398 979 1462 ille
1009 1400 1049 1462 ad
1077 1395 1288 1462 0111111111-

139 1503 228 1566 mina
242 1507 275 1567 et
288 1504 484 1568 reeeusenda
498 1508 530 1567 et
545 1506 742 1569 emendanda
757 1506 958 1590 contulisset,
971 1505 1143 1570 retinerem
1164 1529 1201 1570 ao
1225 1528 1289 1570 ser-

139 1632 264 1694 uarem3
289 1633 352 1694 quo
374 1610 490 1675 melius
514 1615 672 1694 quantum
695 1612 724 1675 ei
749 1612 936 1676 deberemus
959 1611 1209 1695 intellegeretur.
1252 1635 1289 1676 ao

137 1717 299 1802 profecto,
326 1721 394 1780 tam
421 1718 502 1782 bene
531 1718 569 1781 de
592 1722 689 1802 poeta
720 1741 793 1803 suo,
821 1740 916 1801 quem
943 1722 1071 1802 praeter
1095 1723 1219 1783 eeteros
1243 1719 1288 1782 di-

16 1826 39 1882 .'
139 1826 277 1908 lauerat,
308 1825 440 1909 meruit,
471 1829 508 1889 ut
535 1825 653 1910 dignus
682 1825 739 1910 sit,
771 1825 862 1896 euius
890 1825 1046 1890 memoria
1066 1825 1126 1909 pie
1154 1825 1288 1890 colatur.

138 1953 206 1994 nou
237 1931 285 1994 ita
320 1953 423 2014 pauea
454 1934 564 1994 tamen
598 1930 802 1995 immutanda
840 1936 940 1996 erant.
1005 1937 1170 1997 errauerat
1202 1932 1288 1996 enim

138 2060 382 2121 nonnumquam
409 2037 444 2100 in
475 2037 671 2111 lectionibus
704 2034 852 2103 'eodioum
884 2039 1116 2124 describendis3
1149 2061 1288 2123 quorum

139 2147 210 2230 ipse
225 2146 417 2229 complures,
431 2149 507 2208 sunt
522 2149 632 2209 autem
646 2145 723 2209 libri
738 2156 881 2231 OMDL‚
899 2147 1004 2211 denuo
1024 2146 1155 2212 eontuli.
1186 2146 1289 2210 multa

139 2258 248 2318 autem
267 2252 330 2316 uiri
350 2252 437 2316 docti
457 2252 512 2336 qui
531 2251 583 2316 his
604 2252 720 2317 studiis
746 2275 877 2337 operam
897 2255 975 2318 dant
997 2276 1056 2338 per
1078 2253 1139 2317 hos
1163 2257 1289 2337 septen-

139 2361 245 2424 deoim
265 2381 366 2423 annos
385 2359 578 2422 invenerunt
602 2358 653 2424 vel
673 2358 789 2423 melius
808 2341 1058 2443 perspexerunt
1070 2382 1152 2444 quae
1170 2360 1289 2443 respioi

139 2473 171 2532 et
196 2467 268 2532 addi
291 2490 350 2552 par
374 2470 451 2530 erat.
496 2488 589 2529 nemo
614 2465 742 2550 quidem
765 2465 861 2529 hodie
885 2488 996 2530 omnes
1014 2471 1143 2550 praeter
1161 2467 1288 2531 oodioes

140 2574 356 2640 Oxoniensem
375 2578 407 2637 et
428 2573 677 2637 Germanensem
699 2578 735 2636 ut
758 2573 889 2637 inutiles
913 2572 1092 2638 reioiendos
1117 2597 1186 2639 esse
1205 2575 1289 2640 arbi·

139 2678 288 2749 trabitur.
343 2703 441 2765 quam
478 2681 518 2744 ob
556 2702 625 2744 rem
658 2680 793 2745 selectas
826 2680 1022 2745 deteriorum
1054 2704 1134 2765 quos
1167 2687 1288 2748 uocant

139 2790 297 2855 librorum
319 2789 475 2853 lectiones
495 2792 591 2871 atque
611 2810 722 2853 omnes
742 2789 919 2873 scripturas
939 2788 1060 2854 eodieis
1079 2788 1198 2854 Veneti
1215 2787 1289 2877 (Μ),

140 2921 236 2982 quem
254 2896 415 2982 insignem
433 2897 519 2960 inter
537 2896 612 2975 illos
630 2895 739 2961 looum
758 2897 904 2961 obtinere
923 2901 1014 2982 puto,
1038 2896 1153 2960 addidi.
1183 2919 1288 2981 neque

139 3005 246 3068 minus
271 3005 428 3088 quaedam
450 3003 621 3069 recidenda
641 3008 742 3069 erant.
787 3004 1005 3068 Baehrensius
1029 3004 1115 3068 enim
1139 3004 1288 3069 ubertate

141 3114 279 3198 quadarn
301 3111 425 3197 ingenii
449 3116 481 3174 et
503 3110 640 3175 iuuenili
665 3112 779 3175 ardore
806 3116 919 3195 raptus
948 3110 1061 3176 multis
1084 3110 1165 3175 loeis
1189 3111 1288 3176 verba

141 3219 262 3285 Catulli
291 3219 396 3304 ipsius
428 3218 686 3282 coniecturarum
719 3219 919 3283 abundantia
951 3219 1118 3303 obruerat3
1151 3239 1288 3301 quarum

140 3333 266 3412 partem
288 3327 359 3411 ipse
381 3330 496 3410 postea
518 3326 584 3390 iam
608 3326 767 3390 maturior
790 3331 822 3390 et
846 3331 951 3390 aetate
976 3330 1008 3389 et
1031 3324 1188 3410 doctrina,
1214 3347 1288 3389 eum

141 3433 409 3500 commentarium
432 3433 532 3497 edidit
555 3434 630 3498 libri
652 3432 837 3519 Catulliani,
856 3434 988 3518 spreuit.
1035 3433 1152 3517 quibus
1176 3430 1287 3497 eiectis

52 3582 55 3587 ·
142 3543 268 3608 sincera
289 3545 404 3626 poetae
423 3542 524 3605 uerba
545 3541 706 3606 reuocaui.
753 3539 844 3605 (lirin
867 3541 1003 3625 denique
1032 3562 1174 3624 carmen,
1202 3539 1287 3622 quod

140 3649 372 3733 BaehrensiuS‚
404 3671 478 3711 oum
507 3647 593 3712 haud
624 3670 698 3712 raro
732 3649 771 3711 ad
802 3646 922 3712 Catulli
955 3648 1055 3711 uerba
1086 3645 1289 3710 restituenda

141 3779 207 3820 non
235 3756 304 3820 sine
330 3755 441 3820 fructu
474 3754 618 3819 adhiberi
646 3755 795 3840 vidisset,
825 3755 861 3818 iu
892 3755 955 3818 fine
987 3753 1091 3817 libelli
1119 3753 1288 3836 adiecerat,

142 3862 236 3927 omisi
243 3914 252 3946 ‚
279 3862 365 3945 quod
392 3860 522 3924 interim
550 3862 732 3925 abeodem
755 3860 953 3925 Baehrensio
983 3861 1047 3924 alio
1070 3861 1143 3924 loeo
1166 3859 1201 3922 in
1224 3859 1288 3923 edi-

141 3972 230 4036 tione
254 3971 423 4053 poetarum
446 3968 636 4032 Latinorum
660 3968 821 4032 minorum
845 3967 998 4031 emissum
1022 3971 1100 4032 erat.

927 4181 966 4248 Κ.
991 4181 1025 4248 Ρ.
1050 4181 1197 4248 Sohnlne.
1303 4196 1307 4202 ·
