2954 4958
624 304 860 361 rasennam.
1254 310 1317 374 125

331 480 394 516 cum
411 463 566 518 maledicta
585 465 748 536 minaretur,
769 465 809 520 sic
828 466 883 521 ait:
902 466 940 519 At
957 499 990 506 —
1005 467 1167 538 iambos'3
1186 471 1221 537 cf.
1236 473 1318 525 etiam

330 562 466 609 comerent.
501 554 650 624 Craqaiare.
683 557 749 611 thid.
778 587 814 595 —
844 558 893 611 hoe
924 573 1006 611 uersa
1034 558 1249 629 Porphyrioaem
1280 561 1319 614 ad

330 643 484 696 XXXX2
502 645 631 712 respicere
649 646 780 699 aowaaiii
797 647 930 714 suspicati
947 647 1038 716 susat]

724 843 746 906 4

258 966 408 1050 [Plinius
439 971 502 1031 act.
535 966 603 1032 hist.
632 966 801 1032 XXVIII
819 972 877 1033 19:
911 967 1005 1033 ‘hinc
1037 967 1202 1034 Theocriti
1234 972 1319 1056 apud

170 1071 325 1158 Graecos,
356 1072 476 1138 Catulli
505 1074 590 1158 apud
612 1095 672 1138 nos
696 1074 905 1158 proximeque
933 1074 1072 1160 Vergilii
1101 1075 1319 1143 incantamen-

171 1183 280 1244 torum
304 1181 462 1245 amatoria
484 1179 647 1245 imitatio'.
694 1181 741 1263 Cf.
766 1181 831 1247 Cat.
851 1187 901 1265 64,
914 1186 981 1248 323
994 1185 1050 1266 sa]

723 1395 744 1460 5

257 1519 407 1604 [Seruios
431 1522 474 1586 ad
501 1521 587 1603 Verp.
612 1519 850 1603 Georp.1195
880 1543 944 1604 quo
973 1526 1005 1586 te
1034 1520 1175 1586 carmine
1203 1523 1317 1610 dicam,

171 1625 352 1692 Rhaetica?
374 1628 447 1693 haee
464 1629 609 1693 adnotat:
629 1627 735 1692 ‘Hanc
752 1650 851 1691 uuam
866 1626 947 1692 Cato
966 1629 1137 1715 praecipue
1154 1630 1266 1695 laudat
1283 1631 1318 1696 in

169 1729 262 1798 libris
287 1756 367 1818 quos
393 1734 524 1819 scripsit
548 1735 588 1798 ari
611 1735 729 1799 filium:
753 1740 866 1799 contra
889 1734 1036 1800 Catullus
1059 1759 1130 1801 eam
1152 1737 1317 1823 uituperat

167 1845 200 1905 et
223 1841 302 1907 dicit
325 1841 407 1906 nulli
430 1842 477 1906 rei
501 1864 570 1907 esse
595 1847 705 1927 aptam
729 1842 929 1927 miraturque
955 1866 1013 1908 cur
1041 1866 1113 1908 eam
1136 1844 1316 1909 laudauerit

167 1946 256 2013 Cato.
304 1949 408 2014 sciens
433 1970 510 2034 ergo
528 1949 707 2033 'utrumque
723 1949 887 2033 Vergilius
907 1950 1048 2015 medium
1067 1951 1173 2015 tenuit
1193 1952 1315 2017 dicens:

166 2054 237 2131 Quo
265 2060 298 2120 te
327 2057 467 2120 carmine
496 2057 614 2141 dicam,
637 2056 830 2120 Rhaetica?
857 2095 892 2103 -
921 2059 955 2122 ira
978 2058 1088 2140 quibas
1118 2060 1186 2124 siae
1221 2080 1317 2125 eausa

167 2160 287 2228 Caluus
315 2185 374 2246 pro
405 2161 552 2229 Catullus
585 2165 718 2229 resteterit
748 2163 787 2228 Ii.
819 2164 957 2246 IIrzperas
987 2165 1024 2228 cte
1053 2164 1161 2247 Valpio
1181 2185 1216 2247 p.
1239 2170 1313 2250 291,

164 2292 234 2336 cam
267 2277 368 2336 merea
393 2293 455 2354 pro
486 2273 616 2353 aahata
638 2275 695 2336 stet
727 2269 893 2335 Martialis
916 2270 1039 2335 XIIII
1057 2276 1135 2336 100:
1168 2270 1216 2336 ‘Si
1247 2294 1315 2336 non

164 2376 279 2462 ignota
311 2382 360 2443 est
392 2379 480 2445 docti
507 2378 568 2442 tibi
600 2382 687 2442 terra
719 2374 853 2462 Catulli,
887 2377 1015 2442 Potasti
1047 2382 1133 2443 testa
1156 2378 1315 2446 Rhaetica

163 2484 241 2548 uina
263 2485 356 2550 mea'.
402 2487 450 2568 Cf.
473 2485 561 2552 Pae.
584 2507 614 2550 a.
637 2485 666 2552 a.
689 2485 811 2549 XIIII
826 2485 896 2570 67]

724 2701 744 2766 6

253 2827 372 2907 [Varro
394 2828 430 2892 de
454 2827 473 2891 i.
492 2826 512 2892 i.
538 2826 622 2891 Vre
644 2847 677 2908 p.
698 2830 741 2891 74
765 2824 831 2889 Μ..·
856 2822 954 2909 ‘Non
979 2825 1079 2911 quod,
1102 2830 1138 2889 ut
1163 2824 1310 2891 Catullus

164 2930 314 3019 (Catulus
343 2936 405 2999 eod.
433 2929 656 3019 Florentinis)
690 2932 749 3017 ait,
788 2930 908 3016 omnia,
940 2932 1004 2996 nisi
1031 2932 1227 2997 interueniat
1254 2934 1312 3019 sol,

161 3040 279 3125 pruina
303 3040 514 3126 obriguerint,
538 3040 623 3124 quod
646 3044 743 3105 nocet
765 3038 865 3122 nox.']

719 3257 747 3320 7.

253 3380 420 3461 [Animula
443 3381 597 3446 miserula
619 3380 801 3466 properiter
824 3379 902 3444 abit.

322 3521 433 3576 Noaias
449 3540 478 3591 p.
490 3525 545 3576 517
559 3521 617 3575 Μ..·
637 3519 820 3597 ‘Properiten
846 3518 975 3573 Catulus:
996 3518 1148 3572 animula
1163 3550 1197 3558 —
1212 3517 1308 3573 abit'.

320 3613 419 3666 recitas
446 3618 537 3666 tamea
565 3611 637 3664 hanc
663 3628 772 3665 uersam
796 3609 894 3664 Sereno
919 3609 968 3663 dat
990 3609 1135 3664 Diomedes
1154 3627 1183 3679 p.
1193 3612 1260 3697 Ι513,
1275 3613 1308 3662 11

322 3702 368 3769 Κ,
386 3702 435 3755 abi
454 3700 528 3754 abiit
546 3701 665 3772 iegitur]

719 3849 747 3912 8.

251 3972 388 4057 [Lucida
412 3995 475 4057 qua
498 3973 645 4057 splendet
669 3969 834 4036 carchesia
857 3970 943 4036 mali.

320 4096 432 4149 Noaias
450 4113 480 4164 p.
500 4100 555 4150 546
573 4095 630 4149 M„-
660 4093 827 4148 ‘Carchcsia
856 4138 861 4148 .
883 4137 888 4147 .
910 4138 914 4147 .
937 4138 941 4147 .
972 4092 1099 4147 Catullus
1126 4092 1307 4150 Veronensis:

320 4184 610 4239 Lucida—mali'.
629 4186 675 4239 sert
692 4186 764 4238 herae
783 4201 890 4238 uersam
910 4184 1015 4238 Cinnae
1033 4185 1194 4238 adscriberet
1211 4191 1236 4238 et
1254 4185 1307 4238 Isi·

321 4275 404 4329 doras
421 4277 504 4346 oripp.
526 4276 657 4330 XVIIII
671 4278 698 4342 2,
713 4279 749 4328 10
771 4272 878 4326 Lucida
902 4273 1066 4342 confulgent
1088 4273 1140 4326 alti
1164 4273 1308 4327 carchesia

321 4363 390 4417 mali
408 4366 526 4418 scriberis
549 4372 574 4419 ct
596 4366 742 4419 scholiasta
765 4364 877 4417 Iacaaa'
905 4364 1005 4429 Veis,
1025 4380 1054 4431 p.
1070 4367 1126 4417 377
1149 4364 1235 4429 Web.,
1254 4363 1307 4415 Lu-

321 4453 385 4507 ciba
409 4471 472 4508 cum
495 4453 605 4523 fulgent
629 4437 727 4507 summi
758 4452 902 4507 carchesia
930 4452 998 4505 mali
1027 4455 1171 4507 celtiberis*
1202 4454 1307 4521 frastra
