2954 4958
160 303 223 367 120
636 297 821 352 olamans

282 463 364 530 5-Ut
386 464 483 529 liceat
505 463 600 527 nobis
625 466 696 527 tota
717 462 891 547 perducere
914 461 985 525 uita

369 571 548 637 Aeternum
570 572 633 636 hoc
657 572 787 635 sanctae
809 569 923 634 foedus
948 569 1118 635 amicitiae.

698 783 763 850 ΟΧ.

317 912 474 996 Aufilena‚
497 911 601 975 bonae
625 931 751 994 semper
773 909 948 974 laudantur
971 909 1106 974 amicae:

368 1018 542 1103 Accipiunt
564 1017 715 1103 pretium,
738 1039 820 1102 quae
843 1017 949 1083 facere
972 1017 1159 1082 instituunt.

317 1127 375 1212 Tu,
398 1127 484 1210 quod
506 1124 668 1210 promisti,
690 1124 771 1189 mihi
795 1125 881 1209 quod
904 1123 1051 1210 mentita,
1073 1114 1207 1190 inimica
1231 1149 1276 1212 es,

371 1231 463 1308 Quod
485 1253 545 1297 nec
567 1231 625 1295 das
648 1235 682 1294 et
704 1230 773 1295 fers
793 1253 899 1316 saepe,
921 1231 1001 1295 facis
1025 1231 1159 1297 facinus.
1203 1235 1206 1241 '

175 1369 180 1379 ¹
282 1339 384 1406 adut
407 1338 513 1403 facere
534 1336 694 1424 ingenuae
718 1342 781 1424 est,
810 1343 956 1403 autnon
977 1338 1137 1424 promisse
1160 1340 1305 1425 pudicae,

369 1445 533 1531 Aufilena,
551 1443 628 1509 fuit:
653 1444 708 1508 sed
732 1444 808 1508 data
831 1445 992 1529 corripere

317 1552 510 1620 Fraudando
525 1552 548 1636 †
561 1551 635 1637 plus
660 1573 758 1635 quam
781 1551 960 1617 meretricis
985 1575 1111 1638 auarar,

372 1658 459 1735 Quae
484 1681 553 1724 sese
577 1661 649 1723 toto
674 1679 807 1742 corpore
831 1659 1010 1742 prostituit.

690 1888 772 1956 CXI.

318 2017 477 2103 Aufilena
500 2017 572 2080 uiro
597 2019 783 2081 contentam
807 2015 916 2080 uiuere
941 2017 1021 2102 solo,

370 2123 556 2209 Nuptarum
578 2124 649 2187 laus
674 2127 724 2187 est
746 2122 896 2187 laudibus
920 2147 959 2187 ex
981 2124 1104 2189 nimiis:

320 2232 383 2298 Sed
407 2230 509 2296 cuiuis
534 2230 683 2314 quamuis
706 2230 817 2314 potius
841 2232 1050 2296 succumbere
1072 2255 1132 2317 par
1156 2239 1216 2320 est,

371 2339 475 2416 Quam
500 2343 637 2404 matrem
659 2338 777 2402 fratres
802 2392 807 2402 .
828 2390 834 2402 .
855 2393 860 2404 .
885 2361 924 2403 ex
946 2344 1072 2423 patruo

624 2465 835 2473 ——--—.

318 2678 441 2743 Multus
450 2678 548 2742 horno
560 2701 603 2762 es,
613 2677 712 2764 Naso,
726 2700 829 2761 neque
840 2683 946 2744 tecum
957 2679 1079 2743 multus
1088 2679 1188 2745 homo
1198 2684 1307 2766 estqui

371 2785 416 2849 Te
440 2784 571 2850 scindit:
595 2783 695 2870 Nas0,
718 2784 841 2850 multus
865 2807 899 2849 es
923 2790 955 2850 et
978 2786 1138 2870 pathicus.

248 2949 264 2998 5
282 2944 435 3014 producere
453 2944 524 2997 Itali
537 2945 576 3013 116
595 2946 722 2998 eternum
735 2947 789 2995 GH
807 2943 882 3001 Eine
903 2948 921 2995 0
940 2943 1088 2999 Alternum
1106 2947 1176 3002 Itali
1192 2951 1195 3018 1
1212 2948 1241 3001 h'
1261 2955 1281 3002 0
1305 2951 1308 3023 1

160 3036 240 3090 fedus
259 3039 314 3086 VH
329 3037 333 3103 1
350 3031 478 3087 amicicie
497 3038 515 3085 0

249 3123 303 3178 CX.
334 3123 461 3178 Cohaeret
475 3123 567 3192 priori
585 3126 616 3178 iri
634 3128 688 3175 VM
709 3125 719 3193 11
744 3128 757 3178 1
778 3122 919 3176 Auffilena
937 3128 992 3204 Vh!
1009 3125 1018 3194 11
1037 3130 1052 3177 2
1072 3125 1198 3194 precium
1217 3133 1240 3180 V
1257 3128 1261 3202 1
1278 3149 1310 3198 q3

160 3220 178 3267 0
197 3217 207 3284 11
225 3221 241 3267 3
259 3212 414 3283 promisisti
432 3218 486 3265 VM
504 3215 512 3281 11
530 3220 547 3266 4
567 3215 596 3267 et
613 3212 669 3267 fers
688 3213 724 3266 B.
746 3212 903 3268 Gaarr‘raas:
921 3230 973 3269 nec
992 3213 1047 3268 fers
1067 3219 1121 3266 vlt
1142 3218 1145 3284 1
1168 3233 1234 3286 sepe
1254 3223 1309 3272 VM

160 3391 246 3429 saeua
273 3375 410 3445 Berphirrs
433 3377 515 3444 turpe
533 3374 676 3429 Auaritias
706 3376 709 3442 1
739 3320 874 3440 sacrific
902 3376 911 3444 11
938 3375 1109 3444 tpromisse
1128 3376 1312 3437 Parthenias:

159 3464 297 3534 promissa
315 3469 370 3517 VM
393 3466 402 3534 11
425 3471 441 3517 6
460 3463 601 3518 Auffilena
620 3469 674 3517 ux
692 3464 750 3517 Aut
768 3463 864 3517 fillena
883 3469 901 3516 0
925 3466 934 3533 1
958 3469 973 3516 7
993 3469 1011 3532 1
1030 3464 1117 3519 efficit
1134 3471 1189 3519 VM
1208 3468 1312 3524 officiis

159 3555 295 3626 Bcrphirrs
309 3552 410 3609 effectu
424 3555 547 3625 Hepsias
559 3552 647 3607 nimio
667 3555 804 3608 Vahlerias
818 3555 827 3622 11
841 3559 857 3606 8
872 3555 935 3606 tota
948 3558 1002 3605 VM
1016 3556 1106 3607 totam
1126 3555 1313 3625 Westphalias

249 3643 316 3698 CXI.
346 3644 483 3699 Adhaeret
506 3645 599 3713 priori
621 3645 653 3698 iri
675 3648 729 3696 VM
766 3644 775 3711 11
813 3641 988 3697 1Auffile1'1a
1012 3649 1065 3694 GH
1088 3643 1146 3698 Aut
1169 3644 1267 3701 fillefla
1293 3656 1312 3703 0

161 3735 285 3805 (airpaia
314 3734 385 3788 irater
414 3751 433 3786 u
458 3741 483 3788 et
508 3750 525 3786 a
553 3734 655 3801 radia)
695 3733 699 3802 1
736 3734 898 3801 conteptam
926 3737 944 3784 0
973 3734 1121 3786 contentas
1155 3734 1280 3808 Scaliper
1303 3742 1313 3810 1

160 3831 175 3877 2
202 3822 264 3876 laus
296 3825 340 3876 est
368 3821 501 3876 laudibus
532 3821 641 3876 eximiis
675 3826 741 3891 VH,
768 3823 840 3892 qaod
869 3823 986 3877 correxit
1020 3823 1214 3879 Baehrensiris.
1247 3825 1313 3881 laus

160 3929 175 3966 6
195 3914 239 3982 (ex
258 3913 440 3981 Passeratius)
456 3910 589 3965 laudibus
609 3910 718 3964 eximiis
738 3911 859 3982 Seaiiper
871 3913 880 3980 11
900 3917 916 3963 3
935 3910 1033 3980 pocius
1053 3917 1071 3964 0
1089 3912 1092 3984 1
1108 3930 1173 3981 pars
1193 3918 1239 3969 est
1258 3921 1315 3970 VM

160 4003 204 4056 fas
223 4005 267 4057 est
286 4002 453 4057 Parthenias
493 4003 502 4071 11
543 4008 560 4054 4
578 4017 677 4070 parere
700 4002 763 4056 add.
784 4017 800 4058 ς
824 4003 855 4054 ia
872 4002 926 4068 trie
944 4018 1054 4069 uersas;
1077 4001 1178 4056 fratres
1199 4004 1314 4061 efficere

161 4109 194 4146 cx
211 4111 238 4162 p.
257 4093 336 4159 Itali,
354 4109 420 4163 quos
437 4093 489 4146 alii
506 4093 586 4146 aliud
603 4091 763 4161 (suscipere,
782 4090 937 4161 concipere)
956 4093 1097 4147 scribendo
1114 4096 1201 4148 secati
1218 4104 1293 4151 sarit,

250 4181 329 4236 CXII.
358 4182 495 4237 Adhaeret
509 4183 601 4250 priori
618 4183 650 4235 iri
667 4186 723 4233 VH
741 4182 798 4250 (seui
815 4183 924 4251 siphara
949 4182 969 4252 1(
995 4182 1013 4235 i.
1033 4199 1117 4252 raarp.
1138 4186 1174 4252 Μ)
1202 4186 1211 4252 11
1246 4191 1259 4238 1
1282 4204 1314 4242 es

160 4272 243 4325 Itali:
262 4273 306 4324 est
319 4275 373 4322 VH
388 4272 392 4340 1
409 4272 453 4324 est
471 4270 520 4338 qui
535 4270 669 4341 Scaiiper:
688 4288 738 4325 ora.
753 4275 775 4321 V
791 4273 795 4340 1
811 4270 927 4340 homoq3
947 4275 974 4322 H
991 4269 1104 4324 homost
1117 4272 1187 4339 quin
1201 4273 1315 4332 Schwa-

161 4362 222 4415 bias
253 4361 262 4428 11
294 4360 368 4413 2Τ6
387 4359 492 4414 scindit
510 4359 667 4429 Harptias:
692 4359 845 4415 Descendit
863 4365 918 4412 VH
936 4361 965 4413 te
984 4359 1097 4413 scindat
1115 4360 1276 4419 Schwabius
1308 4365 1312 4438 1

163 4467 192 4505 es
212 4454 275 4503 01:
295 4450 377 4502 esto
