2954 4958
193 1322 213 1370 'l'
232 1345 264 1363 =
280 1313 368 1371 codex
387 1314 537 1370 Thuaneus
557 1332 628 1371 saec.
648 1314 733 1372 VIIII.

194 1411 265 1459 V=
280 1407 369 1461 codex
387 1405 565 1474 Veronensis,
584 1405 615 1458 id
634 1409 677 1460 est
696 1419 847 1459 consensus
866 1404 1003 1459 librorum
1022 1413 1043 1458 G
1061 1407 1091 1460 et
1110 1412 1137 1461 0.

193 1501 262 1546 (ἑκ
279 1496 368 1549 codex
388 1495 636 1564 Sangermanensis
657 1512 728 1549 saec.
748 1495 838 1562 XIIII3
858 1515 876 1562 g
895 1497 1034 1549 corrector
1052 1494 1158 1550 codicis
1178 1501 1206 1551 G.

193 1590 260 1637 0=
277 1585 365 1639 codex
385 1583 551 1639 Oxoniensis
571 1601 642 1638 saec.
661 1582 746 1638 XIHl.

194 1690 210 1732 s
230 1701 262 1720 =
279 1674 389 1728 codices
408 1672 574 1742 interpolati
593 1673 664 1744 (siue
683 1691 754 1726 unus
774 1673 834 1727 siue
852 1673 947 1742 plures
967 1672 1027 1727 siue
1046 1677 1160 1744 omnes).

193 1769 216 1816 Δ
231 1791 263 1809 =
279 1764 368 1817 codex
385 1761 588 1817 Ambrosianus
607 1778 679 1816 saec.
698 1762 757 1818 XV.
1155 1764 1158 1772 '

193 1858 262 1905 13=
277 1853 365 1906 codex
383 1851 569 1906 Bononiensis
588 1851 656 1905 anni
676 1857 752 1905 1412.

193 1951 211 1996 c
231 1971 262 1989 =
279 1943 367 1997 codex
385 1941 552 1997 Parisiensis
572 1946 655 2010 8234,
674 1940 742 1994 olim
762 1940 948 2010 colbertinus,
968 1959 1040 1997 saec.
1060 1942 1119 1997 XV.

193 2041 263 2085 D=
278 2032 366 2086 codex
384 2030 582 2099 Berolinensis‚
603 2029 670 2084 olim
688 2030 765 2099 Dati,
784 2031 851 2084 anni
871 2037 947 2085 1463.

193 2127 219 2174 11
235 2148 266 2166 =
277 2106 370 2175 ‘codex
388 2119 609 2189 Hamburgensis
629 2136 700 2173 saec.
720 2119 779 2173 XV.
1045 2192 1047 2196 .

193 2217 213 2262 L
234 2237 264 2254 =
282 2209 371 2264 codex
389 2208 587 2276 Berolinensis,
607 2207 675 2262 olim
692 2209 838 2263 Laurentii
858 2209 994 2278 Santenii,
1014 2227 1085 2264 saec.
1105 2210 1164 2265 XV.

194 2305 218 2352 Λ
234 2288 266 2344 ὲ
283 2299 371 2353 codex
389 2297 594 2352 Laurentianus
614 2314 685 2352 saec.
705 2297 757 2352 XV
775 2298 838 2368 (La¹
857 2299 933 2368 apud
952 2299 1100 2370 Ellisium).

193 2394 221 2440 Ι
232 2415 263 2434 =
279 2389 367 2442 codex
386 2389 510 2442 Venetus
528 2385 720 2441 bibliothecae
740 2387 765 2442 S.
786 2387 874 2441 Marci
894 2405 966 2443 saec.
985 2388 1043 2443 XV.

193 2483 213 2530 1³
233 2505 265 2524 =
281 2479 369 2533 codex
387 2475 554 2532 Parisiensis
574 2475 641 2529 anni
661 2481 738 2531 1423.

194 2573 229 2632 .-².
247 2584 375 2621 rasuram
392 2566 475 2621 unius
494 2564 607 2619 litterae
625 2566 715 2619 notat.

194 2726 250 2781 Ubi
268 2726 335 2780 libri
353 2733 376 2781 v
394 2724 564 2779 lectionibus
588 2722 817 2801 emendationum
835 2727 963 2779 auctores
982 2743 1039 2779 non
1058 2724 1163 2780 adiecti
1182 2729 1263 2796 sunt,
1290 2729 1351 2784 Ita-
1374 2718 1381 2735 '

194 2816 229 2868 lis
249 2816 309 2869 siue
328 2815 358 2868 in
377 2832 393 2873 ς
412 2814 472 2867 siue
490 2813 521 2866 in
535 2810 708 2866 editionibus
723 2813 923 2868 uetustissimis
938 2830 986 2868 eas
1001 2815 1098 2869 deberi
1113 2815 1193 2870 scias.
1209 2848 1244 2857 -
1260 2835 1350 2872 uoces

194 2904 265 2958 inv
284 2904 403 2958 omissae
422 2902 526 2957 litteris
546 2919 616 2970 quas
635 2905 739 2957 uocant
757 2905 876 2959 carsiais
893 2904 923 2956 in
941 2906 1022 2957 textu
1041 2920 1189 2973 expressae
1209 2908 1286 2960 sunt.
