2954 4958
469 307 752 364 PROIEGOMENA.
1095 310 1185 363 XXIII

172 476 348 540 cedendum
366 474 419 559 sit,
436 495 503 538 non
520 495 616 557 posse
633 474 708 538 illos
726 473 791 538 nisi
809 473 1049 558 uno‘temporis
1068 479 1185 562 tractu,

172 583 271 647 immo
300 604 364 646 uno
396 582 571 665 eodemque
594 581 660 645 fere
684 602 769 645 anno
793 581 969 665 eodemque
992 582 1064 647 loco
1087 580 1184 670 (Cha-

171 689 311 754 telanius
333 689 354 754 1.
377 688 399 753 1.
427 712 454 753 6.
480 689 579 755 18841
606 687 798 774 ‘originaire
826 710 951 753 comme
979 698 1010 753 G
1037 690 1080 755 du
1102 691 1184 755 nord

171 797 308 880 d'Italie3
338 796 476 862 cariture
503 795 657 861 italienne
681 796 720 860 16
742 796 774 860 la
797 796 843 861 fin
870 795 913 860 du
940 796 1033 862 ΧΠΤθ
1060 795 1183 886 siecle')
1285 873 1287 878 ,

171 908 319 968 exaratos
347 925 426 968 esse.
472 904 528 968 sed
551 903 591 968 ad
615 902 809 987 scripturam
832 904 918 987 quod
941 902 1069 990 attinet,
1097 905 1184 971 lectu

170 1012 273 1077 multo
297 1010 460 1076 difficilior
483 1015 533 1076 est
556 1021 596 1096 0,
625 1011 743 1096 quippe
772 1011 826 1094 qui
855 1009 917 1076 hac
941 1032 1068 1096 quoque
1090 1011 1183 1077 inre

171 1119 381 1204 archetypum
409 1118 504 1183 anxia
536 1117 683 1183 imitetur
715 1117 899 1202 sedulitate3
931 1117 1022 1183 uelut
1053 1119 1182 1185 litterae

170 1249 250 1311 quae
274 1231 350 1291 sunt
372 1228 403 1291 ri
426 1227 625 1312 61616161
647 1247 700 1304 66,
723 1227 758 1291 oc'
777 1229 809 1289 et
826 1227 861 1290 16
884 1225 1065 1310 similiaque
1085 1250 1182 1312 saepe

170 1334 326 1420 distingui
349 1355 451 1417 paene
474 1355 541 1397 non
566 1336 696 1416 queunt.
741 1336 909 1417 praeterea
933 1342 960 1398 0
993 1335 1183 1421 compendia

168 1442 267 1507 habet
284 1440 426 1526 plurima
444 1462 544 1524 eaque
562 1439 726 1505 interdum
740 1439 958 1527 inusitatiora,
977 1463 1058 1526 quae
1072 1446 1182 1508 tamen

169 1543 377 1615 difficultates
405 1570 471 1613 non
497 1552 615 1632 parant
642 1548 672 1612 ei
705 1548 761 1632 qui
789 1548 825 1612 in
856 1549 981 1613 librarii
1014 1554 1185 1623 consuetuss

168 1657 258 1721 dines
277 1655 449 1741 diligenter
468 1678 537 1720 sese
557 1654 650 1739 quasi
672 1655 860 1720 insinuauit.
882 1691 922 1701 -
941 1655 995 1721 116
1013 1661 1064 1722 661
1083 1657 1182 1733 codex

166 1748 221 1828 ille
235 1763 380 1829 Venetus
404 1763 494 1828 cuius
519 1761 727 1829 collationem
745 1786 765 1827 a
782 1762 930 1828 Morellio
955 1786 989 1828 se
1013 1769 1181 1849 expectare

93 1886 96 1891 ·
167 1870 245 1937 dicit
270 1869 443 1936 Santonius
471 1870 506 1934 in
532 1871 597 1935 fine
623 1869 836 1956 praefationis
865 1871 1016 1936 carminis
1039 1871 1181 1938 LXVIII

169 1979 303 2044 editioni
325 1978 530 2063 praemissae.
576 1981 610 2042 et
633 1982 722 2043 extat
746 1976 845 2043 etiam
867 1978 963 2044 hodie
981 1978 1018 2042 in
1035 1990 1062 2046 0
1082 1985 1182 2067 carta,

167 2087 202 2151 in
224 2110 288 2171 qua
311 2086 454 2151 codicem
471 2085 507 2149 in
526 2083 673 2149 Santenii
694 2085 835 2170 gratiam
854 2085 1018 2150 conlatum
1041 2087 1180 2173 quidem,

169 2195 223 2260 scd
241 2194 325 2258 nihil
343 2194 419 2258 huic
439 2192 574 2257 missum
594 2214 663 2257 esse
683 2193 873 2258 adnotatum
892 2197 951 2258 est.
980 2193 1086 2276 prima
1103 2194 1180 2258 libri

167 2313 194 2367 0
221 2301 340 2367 notitia
367 2300 550 2366 Robinsoni
579 2299 696 2364 Ellisio
729 2300 878 2386 debetur,
910 2300 966 2383 qui
997 2300 1033 2364 in
1060 2298 1180 2367 Catulli

167 2409 328 2475 editione·
349 2407 524 2473 Oxoniensi
562 2431 588 2472 a.
628 2408 712 2472 1861
756 2406 824 2471 6166
866 2407 1021 2472 lectiones
1059 2408 1180 2496 attulit,

166 2538 362 2601 quamquam
400 2537 563 2580 summum
598 2513 717 2579 codicis
749 2513 890 2598 pretium
920 2514 1026 2600 primo
1063 2539 1178 2602 parum

164 2624 338 2711 perspexit.
383 2627 459 2708 post
483 2645 557 2687 eum
580 2621 811 2708 BaehrensiuS,
839 2625 1014 2706 postquam
1036 2623 1072 2687 in
1094 2622 1179 2690 Ana-

164 2732 256 2797 lectis
272 2730 465 2796 Catullianis
484 2729 608 2815 primus
627 2729 712 2794 inter
736 2751 846 2794 omnes
866 2726 987 2794 Catulli
1006 2731 1132 2798 codices
1150 2743 1178 2799 0

163 2840 257 2905 facile
284 2839 464 2925 principem
492 2836 637 2922 optinere
660 2827 770 2902 locum
793 2836 973 2923 contendit,
1000 2861 1073 2904 cum
1103 2862 1178 2904 uere

164 2947 240 3011 anni
266 2946 351 3013 1875
380 2945 523 3010 Oxouiae
551 2949 820 3030 commoraretur,
848 2944 969 3009 librum
996 2945 1046 3011 bis
1070 2950 1178 3011 totum

164 3059 259 3138 atque
282 3053 364 3119 locis
387 3052 552 3117 nonnullis
571 3056 622 3116 ter
641 3051 789 3117 contulit.
835 3051 926 3116 cuius
948 3051 1080 3118 collatio
1105 3076 1178 3140 sup-

162 3161 252 3247 pleta
288 3184 325 3226 ac
362 3161 482 3245 partim
519 3164 665 3225 correcta
701 3164 751 3224 est
786 3158 823 3222 in
859 3158 1000 3224 Hermae
1038 3165 1061 3226 1.
1095 3160 1177 3226 XIII

162 3293 192 3355 p.
212 3268 353 3334 50-58.
391 3273 535 3333 ceterum
559 3271 591 3332 et
615 3276 645 3331 G
669 3272 747 3333 610
770 3266 932 3331 interdum
956 3265 1092 3354 glossas,
1113 3292 1178 3333 ma-

162 3377 247 3442 xime
274 3377 310 3440 in
337 3375 432 3439 initio
460 3374 536 3438 libri
564 3379 597 3439 et
624 3375 673 3439 ad.
701 3397 727 3440 o.
751 3373 892 3460 LXIIII,
918 3374 1054 3461 habent3
1086 3376 1177 3441 uelut

162 3483 213 3549 III
235 3484 276 3548 14
298 3505 376 3566 poce
400 3485 506 3547 omnio
524 3482 601 3547 bello
619 3483 775 3546 decoratis
792 3481 827 3545 in
845 3485 983 3565 utroque
1007 3482 1081 3548 uoci
1099 3483 1177 3549 bello

165 3591 419 3677 superscriptum
440 3593 490 3653 est
508 3591 529 3654 c'.
546 3589 677 3672 pulcra
701 3593 739 3652 ut
758 3589 797 3653 ad
815 3587 1007 3653 XXXXVII
1024 3591 1047 3654 4
1064 3611 1177 3675 cerpus

162 3699 243 3763 haec
265 3699 300 3763 in
324 3707 354 3762 G
378 3702 467 3761 extat
491 3697 613 3783 glossa:
642 3696 766 3779 Verpos.
787 3717 842 3779 po.
865 3697 980 3763 dicitur
1002 3697 1176 3780 impudicos

163 3807 277 3889 dipc‘tos
299 3827 357 3888 qao
379 3806 464 3870 iudei
485 3806 631 3871 dicuntur
652 3804 775 3868 sabbato
799 3825 897 3869 aorem
914 3807 1067 3888 purpura
1094 3807 1176 3871 6616

165 3915 248 3978 iudei
278 3915 378 3995 carpi·
399 3914 559 3990 dicuntum
591 3911 630 3976 cf.
658 3909 767 3975 Ellisii
795 3910 841 3975 61.
870 3910 925 3975 alt.
956 3933 985 3996 p.
1010 3911 1044 3976 L.
1094 3912 1175 3979 hacc

163 4018 395 4085 monachorum
428 4019 621 4103 sapientiam
653 4023 762 4102 aperte
795 4017 973 4083 redolentia
1004 4019 1058 4084 hio
1089 4042 1174 4085 com·

163 4149 358 4192 memorasse
382 4127 462 4191 satis
485 4126 651 4191 habemus,
697 4148 771 4210 pars
796 4124 915 4190 codicis
936 4124 962 4189 Ο
986 4123 1027 4213 (6.
1045 4126 1174 4194 LXIIII

163 4232 358 4322 336-366)
391 4236 431 4298 ab
463 4233 580 4298 Ellisio
613 4233 648 4297 in
680 4233 782 4315 altera
814 4232 883 4296 cius
916 4232 1058 4299 editione
1087 4235 1174 4300 inter

161 4365 213 4427 pp.
234 4342 296 4407 146
321 4347 354 4406 61
379 4342 438 4406 141
469 4345 502 4404 61
529 4340 564 4404 16
591 4340 734 4405 eiusdem
763 4339 874 4404 libello
898 4339 974 4404 ‘XII
997 4340 1172 4407 facsimiles

160 4449 245 4513 from
262 4449 360 4514 Latin
379 4471 454 4513 mss.
476 4448 512 4512 in
534 4448 589 4512 the
608 4447 765 4513 Bodleian
782 4446 933 4533 Library'
953 4471 979 4513 a.
1000 4449 1085 4516 1885
1106 4450 1171 4518 tab.
