2954 4958
597 332 881 390 PROLEGOMIINA.
1275 333 1311 386 hl

164 521 200 564 eo
220 500 337 582 pelides
360 499 499 562 correxit
522 520 561 562 ex
584 521 654 564 uero
668 501 796 583 pelidem
818 498 927 563 LXIII
941 500 983 565 31
1008 500 1114 565 ocimo
1130 520 1251 582 pectens
1270 523 1308 563 ex
1384 557 1386 560 ,

164 608 274 672 ocimo
285 628 374 691 μεως
393 604 487 671 GIIII
501 608 523 670 4
537 612 571 671 to
589 611 698 671 concio
715 612 802 689 potos
820 629 860 670 ex
878 612 912 671 to
929 627 997 672 acm
1024 606 1176 690 Tappone.
1195 607 1310 671 immu-

164 714 249 778 tauit
280 714 455 779 uerborum
486 714 630 777 ordinem
662 713 772 778 hiatus
803 712 947 778 enitendi
977 736 1075 778 causa
1104 713 1243 779 LXXVI
1259 714 1309 778 10.

164 819 344 883 uindicauit
368 818 497 885 Catullo
527 820 640 896 Quinti
667 842 877 905 praenomen,
906 821 992 904 quod
1019 820 1096 885 Itali
1124 821 1248 886 scilicet
1272 845 1310 885 ex

162 925 262 990 Plinii
287 926 367 1013 (nat.
381 926 456 991 hist.
473 928 523 1006 37,
539 925 574 1014 6)
596 927 763 992 codicibus
786 926 970 992 recentibus
993 928 1168 1012 pronisque
1190 928 1311 1013 impru-

163 1034 276 1098 denter
299 1035 476 1119 finxerunt3
497 1023 579 1126 nam⁸
596 1035 692 1119 probi
714 1035 840 1118 fideque
864 1034 954 1120 digni
974 1039 1121 1100 auctores
1142 1033 1203 1099 Gai
1222 1058 1311 1120 prae-

162 1163 283 1205 nomen
306 1141 461 1206 exhibent
480 1138 534 1231 (cf.
550 1140 705 1207 Schmidt
720 1139 774 1228 V).
803 1145 957 1227 ceterum,
974 1164 1015 1207 ne
1033 1143 1171 1206 nimium
1190 1164 1311 1207 correc-

162 1248 230 1312 tori
261 1248 493 1334 attribuamus,
521 1249 574 1314 obt
602 1248 684 1313 illud
713 1247 796 1313 XI3
826 1271 886 1334 pro
920 1256 956 1314 at
985 1249 1200 1314 substitutum
1230 1249 1311 1313 mihi

164 1355 296 1440 quidem
328 1379 368 1420 ex
398 1356 622 1441 adnotatione,
653 1355 764 1439 quales
799 1378 895 1441 saepe
924 1356 959 1420 in
990 1354 1111 1421 Catulli
1146 1355 1310 1421 codicibus

160 1463 250 1527 inter
277 1462 379 1527 lineas
408 1485 478 1528 esse
506 1463 667 1548 uidemus,
698 1463 734 1526 in
760 1464 1043 1548 textumlapsum
1071 1485 1141 1528 esse
1168 1464 1310 1547 uidetur3

159 1571 250 1634 idem
283 1571 321 1635 de
348 1569 432 1636 VIS
464 1573 610 1653 sertisque
645 1571 824 1654 assyrioque
852 1591 913 1655 pro
945 1572 1035 1636 sertis
1066 1572 1186 1654 assyrio
1217 1571 1253 1634 in
1281 1580 1310 1635 V

164 1670 367 1761 —qoess-que
381 1677 530 1762 asyndeti
544 1677 725 1763 explicandi
744 1680 846 1742 causa
856 1678 1086 1762 suprascriptis
1104 1677 1311 1743 iudicandum

160 1784 236 1870 erit,
259 1785 324 1849 nisi
346 1784 432 1848 forte
454 1785 586 1868 putabis
609 1784 792 1868 librarium,
817 1806 912 1868 quem
940 1784 1014 1848 aliis
1041 1783 1123 1849 locis
1146 1785 1311 1849 hominem

159 1915 231 1957 non
252 1892 420 1956 indoctum
443 1891 671 1978 cognouimuS,
699 1891 836 1956 eundem
858 1913 972 1956 uersus
1001 1890 1204 1976 grauissimis
1228 1914 1311 1954 erro-

162 2001 257 2064 ribus
298 1999 346 2064 rei
387 1999 540 2064 metricae
582 1998 773 2083 corrupisse.
823 1998 963 2063 fortasse
1001 1998 1099 2063 etiam
1139 1999 1312 2064 bacchantis

160 2106 293 2171 LXIIII
308 2107 371 2172 391
397 2128 456 2190 pro
480 2108 601 2172 econtc's
623 2105 767 2191 positum
795 2110 828 2170 et
852 2105 917 2175 alia
943 2107 1102 2191 quaedam
1129 2106 1241 2170 cadem
1264 2128 1311 2169 ra-

159 2215 254 2278 tione
278 2213 467 2299 explicanda
490 2218 574 2279 sunt.
723 2203 726 2207 ⁴
899 2197 905 2208 „

254 2319 368 2405 Neque
398 2320 506 2386 minus
533 2321 696 2407 insignem
722 2303 831 2385 locum
858 2321 944 2385 inter
968 2338 987 2388 ς
1015 2322 1114 2385 codex
1142 2331 1177 2385 M
1203 2325 1312 2385 tenere

161 2427 248 2493 mihi
271 2427 408 2512 uidetur,
433 2427 489 2511 qui
512 2412 637 2512 etipse
661 2450 815 2514 magnum
833 2450 1014 2519 ,numerum
1041 2428 1201 2491 bonarum
1224 2426 1312 2490 lecti-

159 2559 264 2601 onum
286 2535 420 2620 praebet
442 2530 488 2623 (u.
506 2535 646 2600 Hermae
666 2539 744 2609 tom.
758 2516 871 2599 XXIII
886 2535 949 2600 588
960 2533 1029 2621 sq).
1052 2535 1116 2598 huc
1128 2534 1312 2617 pertinent:

253 2643 348 2707 1113
372 2643 502 2726 lipotom
523 2651 582 2711 Μς
605 2624 764 2728 plerique:
787 2647 930 2725 00901001
954 2652 1017 2707 0G

254 2749 302 2813 XI
323 2749 362 2813 11
387 2735 613 2831 olli-mosque
635 2760 708 2827 Mg:
731 2751 915 2831 nitimosqoe
938 2759 964 2813 0
998 2751 1180 2831 ultimosque
1203 2760 1233 2814 G

255 2856 318 2921 XII
339 2857 380 2922 16
404 2877 503 2922 amem
526 2868 598 2924 Μςε
622 2859 726 2922 aaroni
748 2840 813 2921 OG

256 2962 350 3028 XVII
369 2966 413 3029 23
434 2985 518 3029 nanc
540 2985 608 3028 arm
630 2975 679 3029 M:
702 2985 785 3029 onoc
806 2964 876 3029 nolo
899 2974 927 3029 0
959 2984 1041 3049 nunc
1063 2985 1132 3028 cirin
1155 2973 1186 3028 G

255 3070 334 3134 XXI
354 3071 395 3135 13
418 3092 457 3137 oe
478 3082 526 3136 M:
548 3092 603 3136 nec
624 3080 713 3140 OGs

257 3176 412 3242 XXIIII
438 3183 559 3260 tamque
581 3189 642 3245 Μς
664 3200 753 3266 pars:
778 3183 937 3260 tamqnam
961 3188 1083 3245 OGDs
1106 3177 1251 3262 plerique

255 3282 407 3348 xxffln
435 3284 525 3349 deest
552 3282 661 3370 glossa
692 3287 814 3351 01010101
844 3295 892 3349 M:
926 3290 975 3348 est
1007 3285 1042 3348 in
1075 3295 1138 3349 0G
1174 3284 1208 3347 in
1240 3284 1312 3366 ipso

388 3395 488 3456 textu.

256 3494 349 3563 XXV
368 3498 389 3562 5
411 3500 580 3578 oscitantes
595 3509 677 3565 MG:
700 3502 877 3565 ossistootes
899 3480 927 3565 Ο

261 3603 404 3670 XXVIII
425 3606 464 3670 11
487 3606 595 3686 fuistis
617 3618 676 3675 Μς
699 3629 787 3692 pars:
809 3609 902 3690 scisti
924 3616 1012 3676 Οὓς
1035 3629 1110 3692 pars

317 3763 336 3796 „
419 3712 460 3778 12
483 3734 579 3798 corpo
601 3723 683 3777 MD:
707 3735 788 3797 arpo
812 3724 838 3778 0
870 3715 965 3778 1101110
989 3723 1044 3781 Gs

256 3816 416 3882 XXVIIII
435 3821 455 3884 8
478 3819 605 3884 idonens
626 3829 685 3888 Μς
708 3820 867 3906 plerique:
890 3823 1024 3906 ydoneos
1048 3830 1111 3885 OG

257 3923 404 3990 XXXII
431 3924 548 3992 Sirmio
570 3935 643 4003 Mg:
669 3927 790 3993 Siriia'o
814 3934 879 3994 0G

256 4031 382 4097 XXXII
403 4035 420 4098 1
445 4054 513 4099 meo
535 4044 633 4113 Mgs:
656 4043 745 4101 meos
763 4045 790 4101 0
823 4037 913 4101 meod
935 4045 966 4102 G

257 4139 420 4205 XXXV4
443 4143 546 4206 monio
568 4153 666 4220 nge:
689 4145 815 4207 neniam
838 4153 865 4233 Ο
897 4143 1035 4221 menium
1058 4153 1089 4207 G

309 4297 327 4333 „
383 4247 424 4310 12
448 4268 552 4312 amore
573 4258 634 4327 Mg
656 4248 790 4336 Plinius,
815 4247 994 4314 Charisius:
1018 4270 1156 4315 amorem
1179 4259 1243 4314 OG

254 4352 396 4418 XXXXI
414 4354 435 4419 5
452 4355 561 4438 praello
583 4365 643 4424 Μς
664 4358 773 4442 pauci:
792 4358 895 4441 puelle
918 4367 1007 4424 οῦς
1029 4356 1175 4441 plerique

256 4460 448 4526 XXXXIIII
467 4463 511 4526 20
533 4464 621 4529 soatio
643 4474 691 4528 M:
714 4467 803 4531 sectio
826 4474 890 4530 0G
921 4466 1009 4531 sectio
1032 4464 1085 4528 uel
1108 4466 1202 4546 ceptio
1225 4481 1244 4530 ς

1063 4568 1101 4621 d*
