2954 4958
607 331 890 389 PROLEGOMENA.
1193 333 1322 388 XXVIIII

246 497 288 562 D:
310 497 544 583 Berolinensis,
572 499 650 563 olim
679 496 712 563 Ο.
740 498 819 563 Dati
847 496 919 585 (ms.
939 497 1026 561 Diez.
1046 497 1081 562 Β.
1103 495 1232 563 Senten.
1252 496 1320 584 31),

312 629 338 670 a.
361 606 444 671 1463
465 606 618 692 scriptus,
638 605 845 671 contulerrmt
863 604 1100 689 Lachmannus,
1118 605 1320 670 Froehnerus

310 709 381 795 (qui
422 713 585 798 specimen
626 714 805 798 scripturae
847 712 935 778 dedit
974 712 1009 776 in
1049 711 1167 777 Philol.
1199 710 1322 798 XIIII),

313 817 509 886 Schwabius.

245 925 289 990 H:
313 926 570 1014 Hamburgensis
593 928 619 993 L
641 929 717 1016 1393
741 929 880 994 contulit
903 925 1100 993 Schwabius.

244 1033 283 1098 L:
306 1034 539 1122 Berolinensis,
575 1035 654 1100 olim
690 1035 857 1101 Laurentii
893 1033 1037 1100 Santenii
1074 1029 1148 1120 (ms.
1171 1032 1260 1098 Diez.
1283 1033 1320 1098 B.

312 1140 400 1207 Sant.
419 1140 489 1230 36);
513 1143 720 1208 contulerunt
742 1142 969 1209 Lachmannus
993 1145 1026 1206 et
1050 1139 1247 1206 Schwabius.

257 1253 288 1313 Α
311 1247 410 1336 (apud
432 1249 586 1315 Ellisium
608 1248 696 1337 La¹):
718 1250 955 1315 Laurentianus
973 1249 1015 1333 pl.
1036 1249 1158 1335 33,13;
1181 1249 1318 1313 collatus

311 1360 360 1421 est
384 1357 424 1421 ab
448 1357 565 1422 11111010
588 1362 621 1423 01
644 1381 664 1423 a
687 1356 867 1444 SchwabiO,
891 1357 946 1441 qui
970 1379 1050 1422 saec.
1066 1355 1166 1421 XIIII
1189 1355 1319 1420 exeunti

309 1464 468 1530 attribuit.

237 1570 284 1637 M:
307 1570 451 1637 Venetus
475 1572 698 1637 Bibliothecae
727 1570 758 1637 S.
777 1571 892 1657 Marci3
920 1571 957 1636 cl.
975 1571 1026 1658 12,
1040 1572 1091 1644 80.
1120 1570 1159 1635 cf.
1178 1569 1318 1635 Hermae

135 1664 138 1671 ¹
309 1683 388 1744 tom.
411 1679 524 1744 XXIII
547 1679 610 1746 567
623 1702 669 1765 sq.
706 1683 815 1744 totum
845 1679 988 1744 codicem
1017 1676 1215 1763 helioty'pica
1249 1683 1317 1742 arte

309 1787 550 1872 exprimendum
587 1787 713 1852 curauit
745 1785 979 1852 Constantinus
1015 1784 1120 1872 Nigra
1156 1783 1318 1874 (Venetiis

248 1881 250 1885 ’
308 1917 334 1959 a.
351 1891 460 1982 1893).

241 2000 281 2066 P:
303 2000 496 2066 Parisiensis
526 2003 625 2088 1989,
653 2003 793 2086 scriptus
822 2026 848 2068 a.
870 2002 955 2066 1423
984 1997 1038 2088 (cf.
1057 2000 1246 2066 Buecheleri
1270 2002 1317 2065 ed.

308 2106 436 2174 Patron.
452 2110 556 2174 maior
569 2133 600 2195 p.
615 2106 718 2196 XVI).
751 2110 890 2175 contulit
914 2109 1069 2195 Silligius.

262 2215 323 2280 His
343 2216 517 2303 codicibus,
540 2239 620 2301 quos
640 2239 751 2282 omnes
771 2234 790 2286 ς
809 2217 1009 2303 significab0,
1028 2216 1174 2300 quamvis
1192 2214 1317 2282 lubrica

168 2324 334 2408 fallaxque
348 2323 505 2389 librorum
520 2325 815 2389 recentissimorum
835 2325 979 2389 munium
998 2328 1083 2389 esset
1101 2324 1189 2409 fides,
1208 2347 1318 2409 quam-

171 2432 229 2497 diu
252 2441 282 2496 G
305 2435 339 2496 et
362 2441 389 2496 0
412 2431 518 2517 ignoti
537 2436 638 2518 erant,
661 2436 836 2516 utcumque
855 2433 1011 2497 utendum
1029 2435 1099 2496 erat
1123 2432 1316 2512 editoribus3

169 2563 249 2604 nam
272 2539 354 2603 miro
379 2540 519 2622 quodam
541 2539 691 2605 fortunae
715 2563 792 2606 casu
816 2539 943 2626 accidit,
965 2543 1003 2603 ut
1024 2539 1074 2603 illi
1096 2539 1160 2623 ipsi
1184 2539 1319 2625 codices,

170 2668 255 2733 quos
278 2669 363 2711 nunc
385 2646 452 2712 fere
475 2646 538 2710 uiri
567 2648 654 2712 docti
683 2648 823 2733 optimos
851 2646 1009 2734 iudicant,
1035 2650 1200 2730 postremo
1227 2647 1318 2712 inno-

169 2758 341 2818 tescerent.
374 2757 472 2838 atque
494 2752 721 2819 Lachmannus
746 2777 819 2820 cum
843 2777 935 2818 suam
955 2753 1075 2819 Catulli
1097 2753 1318 2819 recensionem

170 2865 411 2946 superstrueret
433 2861 572 2926 maxime
595 2862 721 2927 duobus
744 2863 886 2949 illorum,
908 2861 1037 2927 Datano
1062 2865 1094 2926 et
1119 2859 1316 2926 Santeniano

168 2966 249 3058 (hos
268 2969 353 3033 enim
368 2968 484 3034 ceteris
504 2968 706 3054 aliquantum
724 2969 874 3035 meliores
893 2966 1048 3056 putauit),
1066 2968 1188 3052 optime
1207 2973 1317 3033 tamen

169 3077 212 3141 de
231 3074 358 3141 Catullo
381 3075 507 3140 meruit.
544 3077 640 3141 nobis
660 3081 778 3163 autem,
801 3077 856 3162 qui
875 3076 1007 3141 meliore
1027 3080 1184 3160 apparatu
1204 3075 1316 3141 critico

167 3184 322 3250 instructi
350 3183 466 3269 simus,
496 3187 670 3269 postquam
701 3184 737 3248 in
763 3185 952 3249 uniuersum
979 3184 1017 3247 de
1049 3183 1142 3248 libris
1170 3193 1197 3248 0
1226 3188 1259 3247 et
1286 3191 1316 3246 G

168 3291 390 3375 disseruimus,
408 3291 474 3356 iam
490 3293 707 3377 quaerendum
726 3292 797 3378 erit,
816 3314 897 3378 quae
914 3291 999 3356 ratio
1017 3291 1103 3356 inter
1120 3290 1315 3356 recentiores

168 3397 292 3463 Catulli
316 3398 441 3464 codices
466 3402 498 3462 et
520 3399 646 3484 priores
669 3399 743 3464 illos
766 3399 955 3484 intercedat,
978 3402 1010 3463 et
1038 3421 1209 3483 quemnam
1233 3399 1316 3462 fruc-

167 3511 243 3570 tum
275 3527 313 3570 ex
345 3505 392 3570 eis
428 3505 463 3596 in
496 3507 693 3573 carminibus
726 3511 842 3594 poetae
879 3505 1075 3572 Veronensis
1112 3505 1315 3571 recensendis

166 3634 283 3696 capere
306 3612 476 3698 possimus.

257 3719 304 3785 Ac
326 3721 469 3804 primum
493 3722 623 3806 quidem
650 3723 712 3788 hoc
740 3722 839 3788 etiam
867 3726 964 3808 atque
993 3722 1090 3786 etiam
1119 3721 1315 3786 monendum

164 3831 229 3913 est,
253 3849 362 3893 omnes
387 3825 508 3893 Catulli
532 3831 667 3917 codices,
691 3834 852 3915 quotquot
874 3830 1095 3915 innotuerunt,
1118 3851 1156 3893 ex
1179 3849 1244 3893 uno
1264 3851 1315 3893 co-

166 3935 240 3999 dice
272 3933 453 4000 Veronensi
485 3933 543 4025 (V)
576 3918 743 4023 tamquam
771 3961 810 4002 ex
841 3937 932 4002 fonte
960 3936 1123 4003 communi
1151 3936 1314 4000 deriuatos

165 4063 249 4107 esse.
288 4064 480 4128 componam
509 4044 614 4133 locos,
641 4046 759 4131 quibus
790 4069 827 4111 ea
856 4068 938 4130 quae
966 4045 1032 4110 dixi
1059 4067 1137 4109 uera
1165 4065 1235 4108 0000
1265 4043 1316 4108 10-

164 4153 383 4215 monstretur:

256 4256 316 4323 15
339 4264 383 4323 est
403 4280 463 4344 pro
486 4280 518 4325 es
542 4260 630 4326 codd.
656 4283 767 4326 omnes
792 4261 916 4327 sinceri.

257 4363 340 4429 VHI
364 4366 383 4429 9
406 4368 473 4432 celi
495 4368 652 4432 omittunt
676 4370 765 4433 codd.
789 4392 908 4434 omnes.

258 4470 415 4537 XXVII
440 4475 545 4541 insula
570 4475 658 4541 codd.
681 4498 782 4560 paene
807 4498 926 4541 omnes.
