2954 4958
590 309 875 366 PROLEGOMENA.
1240 311 1307 366 XIII

161 499 302 560 quocum
334 476 443 542 locum
479 475 595 540 Isidori
633 473 779 540 contulit.
837 498 923 540 nunc
961 475 1090 540 ‘arrida'
1127 475 1162 538 in
1198 475 1307 541 codice

159 585 291 649 Datano
317 582 437 648 Catulli
465 584 621 649 traditum
650 588 713 669 est3
741 583 864 648 aceedit
892 584 978 667 quod
1006 583 1041 647 in
1064 585 1176 648 eodem
1199 583 1308 649 codice

161 691 302 776 ‘punice'
331 696 369 756 ut
395 692 481 777 apud
506 690 763 777 Pastrengioum,
792 690 857 756 nisi
885 691 970 774 quod
998 691 1051 755 hic
1080 690 1243 756 ‘Punicae’
1273 691 1309 755 in

160 799 303 863 editione
332 797 456 864 Veneta
487 801 601 886 habet,
632 799 760 885 legitur.
814 798 1024 884 quamobrem
1061 798 1210 882 equidem
1241 820 1308 863 non

161 906 287 992 dubito,
301 906 380 990 quin
397 905 562 993 Hauptius
581 907 829 992 Pastrengioum
852 906 910 970 illa
926 905 962 969 in
981 926 1039 970 suo
1059 905 1168 970 codice
1188 903 1309 970 Catulli

160 1013 326 1078 inuenisse
348 1019 434 1078 recte
459 1013 612 1079 statuerit
635 1011 773 1100 (quaest.
797 1011 920 1098 6116,
947 1035 997 1096 op.
1016 1011 1096 1098 14).

251 1118 335 1185 Cum
356 1120 566 1207 Pastrengico
596 1120 756 1185 amicitiae
783 1120 923 1185 uinculis
952 1120 1142 1185 coniunctus
1166 1126 1236 1186 erat
1258 1122 1310 1186 uir

160 1229 357 1294 immortalis
379 1228 521 1294 nominis
540 1227 733 1293 Franciscus
756 1227 916 1293 Petraroa.
961 1227 990 1292 is
1014 1250 1088 1293 oum
1111 1252 1138 1293 a.
1160 1230 1244 1294 1341
1269 1230 1310 1293 ad

162 1335 277 1404 Galam
305 1336 337 1400 di
365 1335 479 1401 Rienzi
506 1335 569 1423 (ep.
593 1357 660 1400 uar.
686 1337 727 1401 38
751 1335 814 1400 uol.
835 1337 854 1399 3
882 1359 913 1420 p.
931 1335 997 1401 402
1026 1337 1073 1400 ed.
1096 1335 1310 1424 Fracassetti)

160 1444 241 1508 haec
266 1442 400 1508 scribat:
435 1445 506 1511 Vidi
532 1445 716 1510 haesitantes
744 1465 786 1508 an
809 1463 858 1509 res
881 1447 951 1509 tnas
974 1465 1017 1509 aa
1039 1445 1133 1510 merla
1150 1445 1310 1527 potissime

160 1554 353 1617 mirarentur
374 1573 428 1618 nec
450 1553 623 1637 obnitentes,
645 1553 721 1634 qaia
745 1551 895 1617 libertatis
914 1552 1055 1633 beneficio
1078 1551 1227 1637 Brntnm,
1249 1553 1309 1618 elo-

160 1661 233 1744 qaio
268 1658 439 1725 Oieeronem
475 1661 622 1744 dicerent,
658 1661 701 1725 ad
731 1680 820 1742 qaem
856 1656 997 1723 Oatnltas
1037 1659 1217 1725 Veronensis
1248 1662 1311 1724 ait:

160 1768 375 1834 Disertissime
410 1768 539 1832 Romnli
577 1772 721 1850 nepotem
757 1762 842 1853 (oar.
870 1763 1094 1830 XXXXVIIII
1119 1765 1168 1852 1),
1204 1768 1312 1851 ipsum

160 1880 293 1961 poetam
311 1875 428 1960 legisse
448 1897 481 1939 se
502 1875 658 1961 ostendit3
679 1873 789 1939 nullus
808 1874 927 1957 quippe
947 1873 1151 1957 antiquitatis
1171 1874 1312 1960 scriptor

162 1983 264 2048 uerba
291 1982 349 2046 illa
376 1965 618 2048 commemorat.
664 1987 697 2046 et
725 1985 854 2046 constat
876 1980 1064 2045 Petrarcam
1087 2004 1114 2045 a.
1139 1981 1225 2046 1345
1248 1981 1310 2048 Ve-

162 2112 262 2156 ronae
287 2089 452 2156 Ciceronis
477 2092 517 2155 ad
541 2090 689 2155 Atticum
716 2089 818 2153 libros
841 2087 1029 2173 repperisse.
1076 2089 1187 2153 eodem
1209 2089 1312 2175 igitur

162 2203 309 2283 tempore
347 2221 420 2263 eum
453 2197 673 2263 Catullianum
711 2219 839 2281 quoque
875 2197 1018 2262 codicem
1050 2219 1070 2260 a
1100 2195 1311 2284 Pastrengico

162 2310 381 2371 monstratum
399 2306 623 2390 pcruolutasse
642 2310 675 2370 et
694 2306 851 2389 quaedam
876 2327 914 2368 ex
938 2327 976 2369 eo
996 2303 1193 2388 excerpsisse
1216 2305 1313 2369 obuia

165 2417 215 2477 est
248 2412 404 2500 suspici03
440 2414 478 2480 of.
512 2414 548 2478 L.
582 2412 771 2479 Schwabius
809 2413 844 2477 in
875 2411 957 2477 actis
990 2417 1168 2477 conuentus
1201 2412 1313 2496 philol.

164 2520 352 2585 Misniensis
379 2545 410 2606 p.
431 2522 503 2587 115.
554 2521 639 2586 idem
667 2521 822 2586 Petraroa
850 2543 877 2584 a.
902 2520 988 2585 1348
1016 2515 1079 2606 (ep.
1107 2518 1182 2583 fam.
1207 2521 1259 2605 24,
1278 2517 1313 2605 5)

90 2687 93 2693 .
162 2648 288 2691 memor
311 2624 431 2693 Catulli
455 2625 496 2716 (c.
517 2627 607 2693 LXV
626 2625 675 2717 5):
700 2628 740 2693 ‘si
763 2629 860 2693 modo
883 2627 936 2692 uel
955 2627 1057 2692 libros
1080 2627 1133 2691 uel
1155 2626 1315 2691 librorum

163 2734 354 2799 memoriam
381 2735 503 2800 lethaei
532 2736 673 2822 gurgitis
702 2737 788 2800 unda
815 2758 882 2800 non
905 2733 1026 2799 obruit’
1050 2738 1082 2798 11
1105 2757 1132 2798 a.
1158 2734 1314 2799 135611-

164 2843 317 2907 cordatus
350 2865 375 2908 o.
402 2841 454 2907 III
486 2842 606 2909 Catulli
644 2843 852 2934 111111111111
888 2843 1026 2925 quadam
1058 2839 1126 2928 (ep.
1159 2864 1226 2906 uar.
1260 2843 1314 2928 32,

162 2975 193 3035 p.
214 2950 280 3016 390
303 2947 463 3037 Fracass.)
486 2951 565 3015 haec
589 2951 690 3015 uerba
713 2950 856 3035 scripsit:
885 2948 982 3033 ‘apud
1007 2946 1171 3014 Catullum
1193 2948 1313 3014 Lesbia

163 3057 347 3123 meretricio
371 3082 480 3123 amore
504 3058 614 3123 saucia
635 3080 800 3142 passerem
823 3079 918 3121 suum
940 3056 1033 3120 fleuit
1056 3056 1245 3143 extinctum,
1266 3058 1314 3122 ita

164 3170 275 3229 tamen
292 3169 330 3228 ut
351 3166 518 3231 oculorum
538 3165 640 3230 aciem
658 3166 816 3249 perderet,
833 3185 900 3228 non
918 3167 955 3228 ut
974 3163 1115 3228 animam
1129 3163 1315 3230 exhalaret'.

165 3272 328 3338 convertit
354 3294 451 3357 porro
479 3273 515 3336 in
543 3294 635 3337 suam
666 3272 811 3357 linguam
838 3293 952 3336 uersus
981 3269 1100 3336 Catulli
1129 3294 1154 3336 1.
1177 3270 1315 3336 LXXVI

169 3382 210 3446 23
223 3403 269 3465 sq.
298 3377 458 3468 (sonnetti
483 3381 512 3465 1,
529 3376 601 3467 49):
630 3378 722 3444 ‘Non
744 3400 845 3464 prego
870 3379 936 3466 gia,
964 3381 1004 3442 ne
1028 3383 1127 3463 puote
1155 3401 1230 3443 aver
1257 3379 1314 3464 piu

163 3487 270 3572 111111,
289 3486 356 3552 Che
375 3482 641 3553 misuratamente
659 3487 684 3551 il
703 3487 769 3552 mio
789 3509 868 3552 auor
886 3488 972 3572 orda,
990 3486 1045 3551 Ma
1065 3487 1123 3552 ohe
1147 3509 1205 3551 sua
1222 3492 1315 3571 parte

164 3594 261 3659 abbia
281 3595 382 3659 sostei
402 3594 452 3659 del
471 3594 587 3660 fuooo'.
625 3595 737 3659 laudat
755 3616 868 3659 uersus
884 3591 1005 3658 Catulli
1024 3617 1049 3659 1.
1064 3593 1257 3659 XXXVIIII
1273 3597 1314 3661 16

167 3700 280 3789 (praef.
301 3701 335 3766 II
359 3702 398 3766 de
420 3702 571 3767 remediis
594 3707 656 3767 utr.
681 3699 784 3787 fort.):
808 3701 995 3766 ‘stultorum
1019 3702 1103 3766 risus
1126 3723 1189 3786 quo
1213 3704 1314 3784 inepto

164 3831 213 3874 res
245 3810 379 3890 ineptior
409 3810 499 3874 nnita
531 3815 587 3892 est,
619 3814 657 3873 ut
685 3807 834 3873 Catullus
867 3808 938 3892 ait’3
972 3805 1041 3872 Cat.
1065 3807 1121 3872 14
1151 3805 1317 3896 (senilium

169 3918 220 4002 11,
238 3912 274 4003 3)
304 3915 399 3981 ‘solet
427 3915 526 4001 enim,
549 3920 587 3980 ut
615 3915 736 3982 Catulli
764 3914 962 3981 Veronensis
990 3916 1090 3981 uerbo
1117 3920 1206 4002 utar,
1233 3940 1317 3984 meas

164 4045 226 4088 esse
258 4023 381 4105 aliquid
405 4028 519 4106 patere
546 4022 665 4106 mmas'.
717 4023 846 4108 saepius
879 4023 1015 4106 denique
1044 4045 1163 4088 nomen
1196 4024 1318 4090 Catulli

77 4142 98 4182 ’-
165 4135 399 4196 commemorat
418 4127 472 4218 (cf.
491 4130 584 4195 Ellis.
604 4129 681 4194 edit.
700 4131 755 4195 alt.
774 4155 805 4215 p.
824 4128 922 4194 XVII
932 4152 977 4212 sq.
1003 4134 1035 4193 11
1054 4129 1172 4194 Philol.
1189 4154 1215 4194 a.
1234 4134 1318 4198 1892

163 4263 197 4324 P:
216 4236 304 4325 150).
350 4261 454 4322 neque
477 4238 584 4303 minus
610 4236 731 4302 Catulli
758 4237 957 4303 mentionem
980 4237 1058 4301 fecit
1083 4238 1228 4320 aequalis
1251 4240 1317 4304 fere

165 4345 350 4430 Petrarcae‚
377 4345 515 4410 Ioannes
543 4344 717 4410 Boccatius
741 4340 961 4432 (1111315),
995 4345 1051 4427 qui
1078 4345 1113 4408 in
1140 4344 1251 4410 libello
1280 4346 1318 4409 de

170 4452 372 4537 genealogiis
399 4453 532 4551 deorum
560 4450 731 4538 gentilium
765 4452 815 4537 14,
839 4452 880 4516 16
913 4451 1057 4516 leuitatis
1093 4474 1169 4516 suae
1202 4452 1318 4516 aetatis
