2970 4958
599 316 883 372 PROLEGOMENA.
1216 319 1316 374 LXXV

165 484 365 570 optimorum
392 483 756 567 antiquissimorumque
780 482 1033 568 inuestigatione
1053 488 1195 569 sumpta:
1219 486 1314 549 modo

163 593 265 656 huius
289 592 385 656 modo
413 591 501 654 illius
530 590 650 654 codicis
678 589 764 653 inter
791 590 947 655 lectiones
975 591 1091 656 incerti
1120 592 1314 656 fluctuantes

166 705 202 764 et
225 700 413 784 plerumque
438 698 617 782 scripturae
641 697 777 761 alicuius
801 698 983 763 bonitatem
1003 721 1041 762 ex
1059 721 1194 762 numero
1217 698 1315 763 libro-

165 830 242 871 rum
263 807 355 871 illam
379 805 657 891 suppeditantium
680 805 851 869 metientes
880 805 1007 890 saepius
1036 827 1112 870 casu
1141 828 1238 889 quam
1261 806 1315 870 uia

166 919 202 978 et
225 914 351 979 ratione
375 936 488 977 uerum
510 913 672 976 inuenisse
696 914 847 977 censendi
872 918 955 977 sunt.
1001 917 1160 977 uenerunt
1183 915 1315 978 tandem

166 1022 289 1086 saeculi
312 1020 408 1085 huius
427 1019 522 1084 initio
542 1019 566 1083 l.
586 1019 754 1084 Bekkerus
773 1024 805 1084 et
824 1019 865 1084 N.
884 1020 1079 1106 Maduigius‚
1102 1042 1240 1104 quorum
1258 1021 1314 1085 ille

167 1128 265 1192 editis
285 1125 499 1211 scriptoribus
515 1124 657 1210 Graecia,
674 1125 727 1190 hic
745 1126 781 1188 in
800 1125 940 1211 epistula
959 1127 1072 1193 ciitica
1091 1129 1129 1192 de
1149 1127 1313 1193 Ciceronis

167 1235 316 1300 Verrinis
348 1233 556 1297 emendandis
589 1256 615 1296 a
643 1234 726 1297 1828
760 1233 800 1296 ad
833 1232 990 1298 Orellium
1027 1235 1103 1299 data
1138 1235 1312 1319 praeclaris

168 1342 379 1407 ostenderunt
412 1339 566 1424 exemplis
600 1337 758 1427 denuo*)‚
795 1363 936 1424 quonam
973 1342 1183 1407 fundamento
1216 1341 1311 1407 innit'
1390 1428 1393 1433 Α

168 1449 284 1513 debeat
307 1451 454 1511 ueterum
478 1447 673 1531 scriptorum
697 1447 888 1532 emendatio,
912 1448 1036 1514 scilicet
1060 1449 1224 1515 codicibus
1246 1472 1314 1515 non

166 1555 345 1620 numeratis
370 1554 426 1618 sed
449 1554 622 1640 diligenter
644 1555 840 1639 ponderatis.
868 1555 993 1621 ,horum
1013 1557 1159 1641 exempla
1183 1561 1312 1622 secutus

168 1662 204 1728 O.
228 1661 454 1728 Lachmannus
493 1685 519 1725 a.
545 1663 629 1727 1829
664 1661 784 1727 Catulli
819 1662 963 1727 carmina
996 1663 1096 1729 edidit
1130 1664 1240 1729 electis
1274 1688 1313 1729 ex

166 1775 263 1836 tanta
290 1786 309 1848 ς
336 1769 496 1833 librorum
529 1769 624 1853 (quos
658 1770 744 1834 solos
777 1768 927 1854 nouerat)
955 1770 1049 1854 copia
1076 1772 1202 1836 duobus
1231 1795 1312 1856 quos

167 1884 335 1962 tamquam
365 1877 548 1941 tutissimos
577 1875 766 1960 sequeretur
792 1877 897 1942 duces.
944 1899 1008 1960 qua
1033 1901 1068 1943 re
1097 1879 1165 1943 sola
1193 1902 1312 1965 magno

164 2007 263 2070 opere
281 1989 469 2070 poematum
484 1983 742 2050 Catullianorum
757 1984 907 2067 prouexit
922 1985 1189 2050 emendationem.
1219 2009 1310 2070 prae·

165 2099 257 2159 terea
287 2092 343 2156 ille
375 2096 427 2156 tot
458 2091 652 2156 coniecturis
682 2092 823 2177 propriis
856 2115 895 2156 ex
923 2097 1016 2176 parte
1048 2093 1143 2176 plane
1171 2093 1312 2180 egregiis

68 2228 79 2242 ¹
163 2202 256 2266 locos
281 2204 450 2284 corruptos
475 2200 612 2264 sanabat
635 2203 671 2263 ut
685 2199 836 2282 optimos
864 2199 1024 2265 Italorum
1047 2200 1311 2286 Batauorumque

165 2309 296 2375 criticos
315 2311 491 2392 superaret.
528 2306 626 2371 etiam
646 2330 664 2370 a
682 2307 872 2390 posterioris
893 2306 1009 2372 aetatis
1029 2308 1206 2372 editoribus
1226 2309 1312 2374 criti-

165 2418 265 2502 cisne,
284 2441 303 2481 a
326 2415 467 2500 Bergkio
486 2414 631 2498 Hauptio
652 2413 824 2479 Schwabio
846 2414 881 2478 L.
905 2414 1062 2478 Muellero
1086 2414 1203 2479 Ellisio
1226 2415 1312 2479 Vah-

164 2526 239 2590 leno
272 2522 440 2588 Benoistio
467 2521 578 2587 Riesio
613 2521 792 2586 Schmidtio
825 2521 911 2606 aliis,
939 2521 1025 2585 haud
1053 2544 1174 2606 paucae
1206 2523 1310 2587 bonae

165 2621 408 2696 emendationes
441 2633 517 2694 sunt
545 2629 704 2714 prolatae3
734 2652 773 2693 ex
801 2651 864 2713 quo
896 2652 1030 2693 numero
1060 2627 1249 2694 Schwabius
1278 2635 1310 2695 et

165 2737 302 2802 Ellisius
345 2736 537 2822 conquisitis
575 2736 747 2822 diligenter
788 2758 869 2821 quae
912 2738 952 2801 ad
987 2736 1159 2801 historiam
1201 2741 1310 2802 textus

165 2845 340 2910 Catulliani
358 2844 585 2909 illustrandam
604 2843 803 2928 pertinerent
824 2848 856 2908 et
875 2844 1002 2910 collatis
1027 2845 1192 2910 codicibus
1212 2868 1310 2930 quam

166 2952 315 3037 plurimis
339 2953 479 3017 beneda
501 2956 600 3036 poeta
623 2956 817 3016 meruerunt.

255 3059 472 3124 Baehrensius
486 3059 566 3144 ipse,
580 3083 654 3124 cum
663 3063 829 3143 protracto
843 3059 879 3123 in
892 3060 998 3124 lucem
1012 3059 1120 3124 codice
1136 3057 1310 3126 Oxoniensi

165 3169 231 3232 tale
255 3161 434 3232 subsidium
457 3171 573 3232 nactus
598 3171 695 3245 esset,
720 3167 813 3250 quale
836 3188 896 3231 nec
924 3167 1123 3232 anteriorum
1150 3167 1309 3233 editorum

164 3276 223 3340 ulli
246 3275 389 3339 nancisci
412 3274 505 3339 licuit
527 3297 631 3358 neque
654 3274 748 3339 facile
767 3273 994 3340 nanciscentur
1012 3274 1208 3359 posteriores
1232 3272 1309 3361 (nisi

164 3393 196 3447 V
222 3382 291 3467 ipse
320 3386 376 3446 aut
404 3381 486 3446 alius
519 3382 619 3447 codex
651 3386 800 3446 uetustus
829 3405 845 3445 e
873 3381 1144 3447 bibliothecarum
1175 3382 1310 3447 latebris

164 3494 308 3574 eruetur,
330 3489 364 3553 id
388 3490 473 3573 quod
496 3489 552 3552 uix
579 3494 612 3553 et
638 3511 678 3552 ne
707 3489 762 3552 uix
791 3489 921 3573 quidem
949 3511 1078 3573 sperare
1105 3487 1211 3574 licet),
1238 3493 1309 3554 tum

165 3593 354 3662 emendandi
387 3619 504 3661 munus
534 3621 552 3661 a
579 3597 787 3662 Lachmanno
821 3595 986 3680 inceptum
1014 3620 1073 3680 pro
1102 3597 1189 3660 uirili
1216 3603 1309 3681 parte

165 3704 291 3789 explere
325 3703 458 3769 studuit.
514 3710 547 3769 et
578 3710 616 3769 ut
644 3704 710 3768 iam
743 3708 818 3768 ante
849 3704 884 3768 in
910 3703 1078 3769 Analectis
1108 3702 1310 3790 Catulliana,

166 3812 327 3897 quomodo
346 3811 428 3876 uitia
451 3812 554 3876 multa
573 3816 681 3876 essent
700 3812 851 3896 tollenda,
874 3811 1017 3877 breuiter
1040 3817 1241 3898 exposuerat,
1263 3813 1311 3877 ita

163 3919 198 3983 in
224 3919 321 3984 huius
349 3919 452 3983 libelli
479 3919 585 4003 priore
615 3919 754 3984 editione
782 3941 885 3984 nouas
914 3919 1039 4003 aliquot
1067 3919 1308 3984 emendationes

164 4026 428 4109 coniecturaeque
451 4026 486 4090 in
509 4026 650 4091 medium
673 4026 818 4111 protulit.

251 4131 406 4198 Addenda
437 4156 541 4219 pauca
572 4135 610 4199 de
638 4134 734 4199 huius
767 4134 918 4200 editionis
950 4134 1111 4199 instituto.
1162 4134 1307 4200 uirorum

234 4293 257 4363 ⁴²)
285 4309 376 4361 neque
409 4291 484 4346 enim
516 4292 560 4345 illi
588 4255 663 4346 noua
692 4295 777 4361 atque
810 4293 930 4347 antehac
963 4291 1094 4346 inaudita
1121 4293 1307 4363 protulerunt,

163 4382 267 4452 quippe
286 4381 388 4450 quibus
408 4399 570 4451 praecessor
593 4381 679 4437 fuerit
702 4382 760 4436 iam
783 4382 894 4436 sacculo
913 4383 965 4436 XV
987 4381 1086 4437 unicus
1110 4381 1159 4436 illc
1182 4382 1307 4452 Angelus

161 4471 326 4528 Politianus.
