2954 4958
558 310 841 365 PROLEGOMENA.
1194 310 1272 365 XVII
1327 372 1331 379 ,

124 496 314 559 recuperare
342 474 451 559 eisque
480 475 678 561 recuperatis
709 479 812 541 artem
842 475 990 540 criticam
1012 475 1066 538 uia
1089 479 1122 539 et
1144 475 1270 539 ratione

126 604 273 646 exercere
296 603 477 667 possumus.

218 689 281 754 Sed
299 691 340 755 ad
354 687 519 755 Catullum
537 697 575 755 ut
593 691 771 776 redeamus,
789 712 827 755 eo
845 690 975 756 nomine
994 690 1178 773 praedicare
1194 690 1271 755 licet

126 797 291 862 Fortunae
314 797 461 864 fauorem
483 799 579 885 quod,
606 822 680 865 cum
702 798 808 883 ipsum
831 797 950 862 librum
973 795 1194 862 Veronensem
1215 820 1271 862 no-

124 904 178 969 bis
201 905 381 991 negaverit,
410 910 521 971 tamen
547 907 610 971 duo
639 906 707 971 eius
731 905 919 992 apographa
940 905 1004 969 fine
1027 904 1148 970 saeculi
1170 904 1271 968 XIIII

124 1011 215 1077 facta
245 1012 340 1077 nobis
371 1012 514 1079 indulsit.
565 1014 604 1078 de
635 1015 753 1099 quibus
784 1013 851 1079 iam
883 1012 1063 1078 accuratius
1091 1011 1271 1076 dicendum.

125 1141 266 1202 quorum
288 1120 378 1204 prius
402 1125 452 1186 est

260 1236 304 1291 G:
328 1228 428 1292 codex
452 1226 740 1314 Sangermanensis
766 1228 861 1314 1165,
882 1249 969 1292 nunc
990 1228 1076 1292 inter
1099 1226 1272 1292 bibliothe-

261 1357 315 1398 cae
337 1335 513 1400 nationalis
536 1335 702 1400 Parisinae
725 1335 827 1400 libros
854 1335 1272 1421 14131,1111111)111111111,

260 1441 365 1506 forma
392 1443 599 1527 quaternaria
628 1443 767 1528 minore,
799 1443 906 1507 solum
934 1441 1099 1508 Catullum
1126 1441 1271 1506 continet

260 1548 349 1613 foliis
380 1548 504 1614 XXXV
540 1572 692 1616 uersuum
723 1549 882 1636 XXXIII,
915 1549 979 1614 nisi
1011 1549 1098 1634 quod
1132 1549 1168 1612 in
1198 1548 1271 1612 folii

261 1655 384 1721 XXXV
411 1661 504 1741 parte
532 1680 646 1722 auersa
678 1680 791 1739 uersus
823 1655 983 1721 XXXIIII
1015 1660 1135 1721 extant.
1190 1656 1270 1721 folio

259 1763 400 1828 XXXVI
422 1763 604 1829 Benuenuti
628 1765 828 1851 epigramma
855 1769 888 1829 et
914 1763 1110 1848 subscriptio
1134 1787 1154 1828 a
1175 1764 1271 1829 nobis

259 1870 294 1934 in
326 1871 411 1936 calce
443 1871 540 1936 huius
573 1872 725 1936 editionis
758 1871 903 1936 exhibita
933 1871 1101 1958 leguntur,
1137 1893 1175 1935 11
1208 1892 1272 1954 qua

259 1978 496 2063 subscriptione
511 1980 664 2044 docemur
680 1979 731 2043 die
744 1978 876 2044 XVIIII
890 1979 1011 2045 mensis
1026 1977 1177 2044 Octobris
1196 1978 1272 2042 anni

263 2085 359 2170 1375,
383 2107 446 2169 quo
471 2086 522 2151 die
546 2083 771 2171 Oasignorius,
792 2085 941 2170 princeps
965 2084 1163 2152 Veronensis
1187 2083 1272 2173 (Can

260 2189 436 2279 Signorio),
457 2193 629 2257 laborabat
651 2192 687 2256 in
710 2193 871 2279 extremis,
894 2201 925 2258 G
942 2191 1092 2258 Veronae
1111 2194 1151 2258 ad
1173 2194 1271 2259 finem

259 2299 456 2386 descriptum
475 2322 544 2365 esse
563 2323 602 2364 ex
621 2300 730 2365 codice
745 2299 944 2365 ἶ1111111111.
968 2299 1046 2365 ‘non
1069 2300 1156 2365 enim
1175 2301 1272 2386 quod-

256 2406 346 2490 piam
378 2406 465 2471 aliud
498 2407 688 2492 [exemplar]
725 2408 872 2493 extabat,
909 2408 993 2471 unde
1025 2412 1137 2493 posset
1168 2407 1272 2472 libelli

258 2513 355 2580 huius
373 2514 492 2579 habere
512 2514 639 2601 copiam
658 2512 880 2599 exemplandi'.
927 2513 1044 2600 quibus
1068 2514 1177 2579 uerbis
1196 2500 1272 2580 scri-

256 2621 316 2686 bae
345 2622 459 2686 confisi
487 2622 555 2686 cod
584 2620 895 2708 sangermanensem
928 2643 966 2685 11
997 2621 1070 2706 ipso
1097 2622 1156 2687 illo
1186 2621 1271 2686 libro

257 2728 452 2815 Veronensi,
482 2752 578 2814 quem
601 2729 730 2794 circiter
753 2750 874 2796 annum
900 2729 1049 2793 131311
1075 2729 1210 2794 latebris
1236 2729 1272 2792 in

258 2836 362 2901 lucem
390 2841 593 2922 protractum
621 2859 690 2902 esse
721 2859 818 2921 supra
846 2836 1186 2923 commemorauimus,
1214 2838 1272 2901 flu·

257 2943 341 3008 xisse
371 2943 474 3009 adhuc
501 2967 561 3029 pro
590 2949 678 3010 certo
708 2945 877 3008 adfirmare
907 2942 1071 3022 solebant;
1098 2965 1202 3028 neque
1224 2944 1271 3007 in-

256 3051 347 3115 iuria
394 3034 470 3117 nam
498 3052 585 3136 quod
608 3048 817 3116 Chatelanius
840 3051 876 3114 in
898 3050 1169 3136 palaeographiae
1193 3051 1271 3117 clas·

258 3157 397 3224 sicerum
411 3158 604 3225 Latinorum
623 3159 687 3223 tab.
698 3157 760 3223 XV
770 3156 885 3246 (Paris.
904 3181 933 3222 1.
954 3155 1055 3245 1884)
1073 3181 1104 3244 p.
1124 3159 1146 3223 4
1169 3181 1272 3245 nuper

255 3265 346 3331 illam
375 3267 648 3351 subscriptionem
674 3289 741 3332 non
763 3265 804 3330 ad
827 3265 895 3330 cod.
920 3275 965 3351 G,
994 3264 1051 3329 sed
1074 3265 1114 3329 ad
1138 3287 1272 3352 apogra-

255 3372 345 3458 phon
367 3372 443 3438 libri
457 3373 654 3439 Veronensis
674 3397 701 3439 a.
723 3373 808 3439 1375
830 3373 955 3437 factum
978 3372 1178 3438 referendam
1201 3395 1271 3440 1111

257 3481 433 3567 contendit,
454 3503 549 3547 nemo
569 3504 643 3546 eum
666 3485 796 3546 secutus
820 3484 878 3545 est.
925 3479 1142 3564 suspicionem
1163 3485 1272 3546 autem

259 3586 330 3652 uiro
353 3588 541 3655 doctissimo
565 3594 735 3655 mouerant
757 3589 858 3653 uerba
880 3589 915 3652 in
935 3589 1000 3654 fine
1023 3588 1271 3673 subscriptionis

260 3694 369 3760 addita
392 3694 437 3760 ‘et
460 3695 588 3783 cetera',
610 3718 650 3761 ex
670 3696 788 3780 quibus
808 3696 1025 3782 colligendum
1045 3718 1114 3760 esse
1132 3697 1271 3781 putabat

259 3802 353 3886 plura
378 3802 414 3866 in
437 3803 626 3890 exemplari,
653 3803 738 3868 unde
761 3804 828 3868 cod.
854 3813 885 3870 G
907 3803 1069 3890 fluxisset,
1092 3803 1170 3868 olim
1193 3804 1272 3870 exti-

258 3909 353 3995 tisse,
379 3932 517 3994 quorum
544 3914 671 3995 partem
694 3910 801 3976 scriba
823 3907 1130 3998 transcripsisset*).
1177 3916 1211 3976 at
1233 3915 1271 3977 tu

215 4102 238 4173 *)
259 4103 321 4158 ‘Les
336 4106 408 4158 mots
425 4104 466 4159 ‘et
480 4105 584 4160 cetera'
600 4104 650 4173 qui
663 4105 693 4160 la
707 4104 928 4176 (transcription)
942 4104 1102 4175 terminent,
1122 4104 1163 4160 les
1177 4105 1270 4160 fautes

123 4195 269 4264 (suggeret
286 4210 338 4263 par
356 4194 492 4265 exemple)
515 4197 544 4250 et
566 4195 607 4250 les
630 4195 752 4250 varietes
776 4193 1004 4264 d’orthographIe
1023 4194 1108 4263 qu'on
1125 4214 1144 4265 y
1162 4198 1270 4266 trouve,

121 4284 248 4352 peuvent
274 4282 345 4338 faire
372 4301 473 4354 pensor
495 4302 549 4354 que
572 4287 653 4340 notre
676 4285 831 4340 manuscrit
849 4287 893 4339 est
914 4284 1084 4356 posterieur,
1111 4285 1139 4340 le
1162 4285 1270 4357 copiste

122 4374 213 4441 ayant
235 4371 339 4442 abregd
364 4371 392 4428 la
416 4374 603 4445 conscription
624 4372 1076 4445 pluslongueetdel'an1375
1099 4375 1169 4445 qu'il
1192 4375 1271 4431 avait

122 4479 188 4518 sous
207 4461 248 4517 les
266 4463 359 4531 yenx!

178 4563 305 4604 0111111111
320 4563 354 4603 od.
365 4563 488 4606 Baehrens.
509 4564 600 4606 1111111.
1037 4553 1056 4606 b
