2954 4958
204 303 269 364 vm
634 306 917 364 PROLEGOMENA.

206 474 390 558 suspicatus
413 471 511 562 esar)
556 473 710 538 Ieremias
734 496 811 539 6666
834 474 931 538 iudex
954 474 992 537 de
1015 472 1245 557 Montagnone,
1269 470 1349 535 ciuis

204 581 391 666 Paduanus‚
423 581 479 664 qui
507 603 590 645 anno
620 581 687 645 fere
712 582 798 646 1300
825 585 973 645 mortuus
1002 584 1065 665 est,
1091 580 1126 643 in
1150 600 1268 664 magno
1291 577 1349 641 illo

205 687 396 773 compendio
419 686 591 752 moralium
614 686 809 752 notabilium
832 686 913 751 16616
934 690 1059 770 septem
1078 684 1243 749 Catullum
1266 706 1351 748 oom-

208 795 419 861 memorauit:

292 921 400 986 Partis
423 921 440 985 l
463 921 518 984 lib.
539 918 626 1006 3.**)

367 1027 502 1094 Catulus
527 1050 553 1093 6.
572 1027 593 1092 5
617 1024 658 1113 (o.
682 1026 778 1092 XXII
799 1027 839 1092 18
851 1025 923 1112 sq.):
998 1055 1000 1061 ·

365 1157 476 1200 omnes
503 1134 660 1200 fallimur:
688 1155 792 1217 neque
820 1138 871 1198 661
898 1132 1070 1217 quisquam
1098 1154 1194 1215 quem
1221 1154 1287 1195 non
1315 1131 1349 1195 in

363 1242 472 1328 aliqua
507 1264 542 1306 re
578 1242 688 1307 uidere
722 1241 884 1306 suffonum
916 1236 1083 1326 (suffectu)
1115 1239 1233 1323 possis:
1272 1261 1349 1302 suus

364 1350 479 1433 cuique
503 1349 682 1414 attributus
706 1353 756 1414 est
781 1370 878 1412 error.

291 1475 399 1539 Partis
422 1474 456 1540 Il
479 1475 535 1538 lib.
556 1477 573 1540 1
598 1476 685 1539 rubr.
704 1475 734 1540 5.

363 1581 499 1648 Catulus
523 1604 548 1647 6.
569 1582 589 1646 9
614 1577 923 1669 (0.LXV111¹³97):

361 1687 412 1754 Ne
434 1688 573 1753 nimium
597 1689 698 1754 simus
722 1688 899 1753 stultorum
922 1709 1011 1750 more
1035 1686 1174 1751 molesti.

291 1814 399 1880 Partis
424 1814 474 1880 III
497 1815 554 1880 lib.
572 1817 602 1879 4.

362 1920 498 1988 Catulus
523 1945 548 1988 6.
568 1922 588 1987 5
612 1920 654 2010 (6.
673 1921 718 1986 LI
739 1922 780 1987 15
791 1919 867 2008 sq.):

361 2028 476 2095 Ooium
504 2034 537 2093 et
563 2051 657 2115 reges
686 2034 718 2094 et
746 2031 842 2094 beata
869 2050 926 2112 per
950 2027 1019 2092 odit
1046 2028 1144 2092 urbes
1172 2025 1288 2114 (prius
1318 2032 1351 2091 et

362 2135 486 2201 beatas'
511 2158 587 2200 mss.
610 2135 692 2199 Brit.
718 2132 826 2222 Mus).

293 2260 401 2327 Partis
424 2259 473 2326 IV
495 2261 551 2325 lib.
570 2261 600 2325 4.

362 2367 497 2435 Catulus
522 2391 546 2433 6.
566 2368 587 2433 5
611 2364 652 2455 (o.
671 2364 863 2432 XXXVIIII
884 2365 954 2455 16);

360 2476 443 2541 11166
465 2476 582 2561 inepto
600 2497 653 2540 res
676 2474 818 2559 ineptior
840 2474 929 2540 nulla
953 2479 1010 2540 661.

290 2601 397 2667 Partis
420 2601 469 2666 IV
491 2602 546 2665 lib.
566 2601 586 2666 5
610 2601 696 2665 rubr.
719 2603 767 2666 11.

362 2710 499 2776 Catulus
523 2731 549 2773 o.
569 2710 588 2774 8
614 2705 653 2795 (o.
677 2706 805 2771 LXIIII
827 2704 976 2794 143661

361 2815 462 2882 Nulla
484 2815 555 2879 6166
578 2813 700 2879 iuranti
723 2813 846 2880 femina
867 2814 977 2879 eredat

360 2921 461 2987 Nulla
482 2922 546 2987 uiri
570 2927 678 3007 speret
701 2943 866 2987 sermones
890 2944 960 2986 esse
982 2920 1093 2985 fideles

363 3029 442 3107 Quis
475 3028 541 3110 [uel
570 3028 669 3114 ε661]
703 3030 779 3098 dum
812 3029 934 3112 aliquid
963 3028 1094 3114 cupiens
1124 3029 1249 3093 animus
1279 3053 1350 3114 pre-

415 3138 517 3224 gessit
540 3136 642 3222 aspici
666 3136 732 3223 [661
757 3136 930 3222 ε61161661]

360 3242 418 3310 Nil
441 3249 592 3310 metuunt
614 3244 721 3309 iurare
744 3244 791 3308 nil
814 3245 1005 3329 promittere
1028 3248 1175 3329 pareunt.

362 3351 426 3418 Sed
449 3352 546 3416 simul
569 3375 606 3417 ao
630 3352 744 3437 cupide
768 3351 886 3416 mentis
912 3351 1034 3416 saciata
1056 3352 1157 3416 libido
1182 3356 1231 3415 est

361 3460 460 3526 Dicta
481 3458 583 3524 niohil
605 3463 757 3544 metuere,
780 3458 882 3523 niohil
903 3459 1045 3548 periuria
1069 3463 1191 3523 curant.

291 3584 479 3671 ibidemque
500 3608 589 3651 mox:

362 3718 387 3759 6.
413 3695 454 3758 12
478 3698 511 3757 61
533 3691 614 3777 pult'
638 3690 679 3779 (e.
693 3678 832 3756 LXXVI
853 3691 923 3778 13):

361 3799 504 3866 Difficile
528 3804 577 3864 est
600 3800 735 3885 longum
758 3798 868 3864 subito
892 3799 1051 3882 deponere
1076 3820 1226 3864 amorem.

202 3926 414 3936 ι--ή--ω

291 4012 314 4081 *)
333 4011 414 4077 Quod
432 4011 548 4066 Ellisins
567 4010 597 4064 in
611 4010 753 4080 Philologi
770 4027 795 4065 a.
812 4014 881 4064 1892
900 4029 926 4080 p.
944 4016 995 4064 146
1006 4028 1045 4078 sq.
1067 4009 1137 4063 dicit
1156 4012 1244 4066 uerba
1264 4027 1350 4080 quae-

204 4098 269 4154 dam
289 4100 505 4171 ‘obiurgationis
526 4100 660 4155 amatoris
679 4101 850 4169 puerorum,
870 4100 945 4167 qnod
964 4116 1077 4153 carmen
1093 4099 1190 4155 codice
1205 4101 1351 4156 Turioensi

203 4206 274 4244 saeo.
298 4187 351 4242 XII
373 4190 510 4246 traditum
533 4194 588 4261 est,
615 4193 648 4244 ut
668 4190 739 4243 ‘non
757 4188 862 4259 inpune
881 4189 978 4259 feres'‚
1004 4189 1115 4242 ‘scabra
1138 4191 1278 4261 rubigine'
1304 4194 1348 4262 (cf.

203 4275 285 4349 Verg.
309 4294 405 4348 georg.
425 4280 438 4332 I
456 4283 548 4351 extr),
581 4279 686 4334 similia
712 4278 899 4349 probabiliter
928 4279 965 4333 ad
993 4278 1135 4334 Catullum
1163 4280 1267 4349 redire,
1297 4298 1349 4351 ego

203 4371 301 4422 contra
319 4367 435 4422 minime
454 4369 639 4439 probabiliter
658 4386 692 4423 ea
711 4386 745 4424 ex
764 4368 875 4423 Catullo
894 4368 1058 4438 profluxisse
1077 4370 1276 4425 contenderim.

273 4457 310 4528 **)
330 4457 370 4513 Cf.
390 4457 483 4512 Ellisii
502 4459 569 4513 edit.
589 4458 669 4513 alter.
688 4477 715 4528 p.
730 4459 818 4526 Iqu.
