2954 4958
548 1236 1029 1321 PROLEGOMENA.

303 1486 355 1550 Ad
374 1487 598 1571 cognoscenda
620 1487 696 1571 fata,
721 1509 803 1570 quae
825 1486 955 1551 libellus
975 1485 1177 1552 Catullianus
1200 1511 1257 1572 per
1279 1488 1360 1551 anti-

216 1614 314 1675 quum
338 1593 542 1678 mediumque
567 1616 683 1658 aeuum
706 1594 817 1679 subiit,
838 1593 1108 1678 proficiscendum
1131 1598 1181 1657 est
1204 1595 1245 1658 ab
1269 1616 1360 1659 acau-

214 1704 286 1763 rata
307 1700 515 1786 indagatione
539 1701 607 1765 eius
627 1700 747 1766 oodiois
766 1700 898 1786 uetusti,
921 1723 960 1764 ex
979 1722 1042 1783 quo
1063 1700 1119 1784 qui
1136 1700 1232 1764 hodie
1252 1724 1360 1785 super-

215 1812 290 1872 sunt
313 1807 389 1872 libri
412 1830 487 1872 mss.
511 1808 632 1873 nouicii
657 1808 816 1894 originem
839 1812 1017 1873 traxerunt.

302 1915 448 1980 Primum
471 1916 676 2000 Ratherium,
703 1916 890 2000 episcopum
917 1916 1151 2000 Veronensem‚
1174 1920 1262 1979 eerto
1287 1938 1359 1980 oon-

213 2027 280 2087 stat
304 2022 424 2089 Catulli
447 2023 591 2088 earmina
613 2028 688 2108 post
710 2023 872 2088 isidorum
894 2023 1134 2107 Hispalensem,
1158 2023 1214 2106 qui
1235 2028 1360 2107 postre-

213 2153 284 2195 mus
307 2131 394 2195 inter
417 2130 623 2214 antiquitatis
643 2131 818 2214 scriptores
838 2129 958 2195 Catulli
977 2131 1173 2195 mentionem
1192 2130 1280 2215 feeit,
1302 2153 1359 2214 per

212 2239 354 2302 medium
372 2259 489 2303 aeuum
507 2237 642 2323 legisse3
660 2238 694 2302 id
714 2239 800 2322 quod
813 2237 949 2302 Maffeus
967 2237 1003 2301 in
1017 2237 1163 2301 Veronae
1177 2236 1359 2300 illustratae

213 2343 277 2408 uol.
301 2343 335 2409 H
361 2347 431 2429 p.⁷7
457 2346 504 2409 ed.
531 2369 559 2410 a.
585 2346 668 2410 1731
702 2345 866 2410 indicauit.
917 2344 1092 2409 Ratherius
1120 2344 1206 2408 enirn
1232 2344 1267 2407 in
1296 2366 1359 2406 ser-

213 2451 319 2516 monis
348 2451 518 2518 de..Maria
545 2457 578 2517 et
604 2451 736 2517 Martha
757 2452 863 2517 habiti
886 2452 992 2536 eapite
1019 2435 1068 2516 IV
1097 2449 1191 2535 [Opp.
1216 2451 1261 2514 ed.
1285 2449 1358 2514 Bal-

210 2558 305 2622 len'ni
335 2583 366 2643 p.
390 2559 471 2645 6393
502 2559 619 2644 Mignii
651 2559 817 2645 Patrolog.
849 2559 955 2624 Latin.
988 2564 1011 2622 t.
1039 2556 1206 2623 CXXXVI
1237 2580 1268 2640 p,
1294 2558 1356 2621 152

209 2664 359 2730 Ratherii
376 2664 575 2731 Veronensis
599 2666 743 2751 episcopi
763 2688 874 2752 opera,
895 2689 923 2730 a.
946 2666 1044 2751 1853]
1067 2667 1147 2729 haeo
1170 2663 1264 2728 dixit:
1284 2666 1360 2746 quid

74 2841 78 2849 ,
209 2773 246 2836 de
272 2794 320 2838 me
345 2774 456 2851 dmere,
488 2774 564 2854 qaid
589 2773 677 2838 deleo
704 2775 837 2857 sopitam
863 2773 908 2857 (et
933 2778 970 2838 ed
996 2774 1100 2856 turpio
1122 2773 1280 2837 subsidens
1323 2772 1356 2856 [l.

208 2879 382 2966 subsilens}
405 2880 531 2945 dedaste
552 2881 663 2964 solum,
685 2880 844 2963 metilde
867 2881 943 2970 lieet,
966 2880 1167 2966 depromam),
1189 2881 1218 2944 si
1239 2882 1274 2944 im
1298 2881 1358 2962 depe

208 2985 280 3072 Dei,
302 2993 337 3052 ut
358 2988 522 3054 debitorem
544 3009 592 3053 me
612 2989 680 3069 fore
701 3009 764 3054 mom
785 2990 899 3074 meseia,
921 2990 1055 3054 diemo
1078 2984 1161 3073 (add.
1185 2984 1356 3074 Ballerini)

208 3097 337 3161 mediter
368 3117 405 3161 oe
435 3100 534 3173 norim
568 3094 726 3161 Catullum
756 3117 917 3178 numquam
944 3101 1036 3161 omma
1063 3097 1183 3179 ledam
1205 3094 1357 3175 Plautum

209 3203 334 3284 quamdo
367 3203 433 3267 idm
469 3203 544 3268 olim
582 3204 644 3286 depo
677 3204 840 3268 meeleetdm
878 3203 933 3284 [al.
961 3204 1143 3287 mepteetmm5
1179 3199 1356 3285 Hauptius:

209 3310 273 3392 iepo
304 3309 440 3392 leeirem]3
468 3310 621 3374 musicam
652 3311 775 3391 qeeoudo
802 3331 891 3394 saepe
917 3315 1043 3394 repetas
1070 3310 1208 3392 expono?
1236 3346 1278 3356 —
1301 3309 1356 3374 ha·

207 3416 314 3480 bitum
338 3437 407 3480 esse
431 3437 611 3480 sermonem
629 3416 730 3481 istum
749 3417 897 3482 Veronae
917 3439 944 3480 a.
964 3417 1028 3481 965
1052 3421 1139 3482 recte
1160 3422 1356 3482 monuerunt

206 3522 244 3588 Α.
269 3523 430 3609 Vogelius
458 3522 493 3586 in
520 3522 605 3587 libro
635 3524 672 3587 de
700 3522 857 3588 Ratherio
881 3523 977 3589 Ionae
1006 3547 1034 3589 a.
1055 3525 1141 3590 1854
1164 3526 1251 3590 edito
1276 3524 1355 3613 (uol.

205 3629 368 3715 1318sq.
402 3634 434 3694 et
459 3629 492 3694 ΙΙ
516 3631 557 3696 88
569 3628 631 3717 sq.)
664 3635 697 3695 et
729 3631 766 3695 E.
796 3632 833 3695 de
862 3631 1056 3696 Leutsohius
1085 3632 1120 3695 in
1151 3638 1241 3697 nunt.
1266 3635 1352 3697 erud.

208 3737 353 3823 Gotting.
379 3761 406 3802 a.
428 3737 514 3803 1855
538 3739 680 3822 p.1975.
727 3744 798 3803 orat
824 3744 932 3803 autem
956 3739 1130 3805 Ratherius
1153 3740 1205 3804 uir
1227 3744 1264 3804 ut
1286 3740 1353 3804 illis

206 3846 408 3929 temporibus
428 3846 679 3932 eruditissimum
697 3869 737 3910 ex
754 3847 860 3931 poetis
883 3847 1010 3913 Latinis
1033 3871 1106 3912 eum
1125 3848 1278 3912 Plautum
1296 3847 1354 3911 Te-

205 3953 346 4016 rentium
369 3951 543 4017 Horatium
565 3952 749 4018 Phaedrum
771 3954 919 4020 Persium
943 3954 1130 4019 quenalem
1153 3956 1233 4018 bene
1256 3977 1352 4018 nosse

206 4058 362 4143 exemplis
377 4082 415 4123 ex
430 4059 498 4124 eius
514 4060 644 4145 seriptis
658 4061 774 4125 adlatis
785 4062 1009 4146 oomprobauit
1019 4061 1057 4125 R.
1069 4061 1204 4125 Ellisius
1217 4061 1351 4146 [proleg.

183 4184 186 4191 ’
205 4166 245 4229 ad
260 4163 344 4231 Cat.2
358 4190 390 4249 p.
401 4166 483 4232 VIII
497 4167 588 4251 not.].
637 4166 693 4231 ille
716 4167 818 4253 igitur
841 4169 1005 4234 Catullum
1031 4173 1125 4233 antea
1144 4192 1209 4233 non
1232 4170 1352 4234 lectum

205 4294 243 4336 eo
267 4273 333 4336 fere
366 4277 511 4356 tempore
543 4295 606 4356 quo
632 4296 737 4338 sermo
762 4297 857 4358 quem
891 4298 989 4359 supra
1026 4276 1351 4341 commemorauimus

205 4384 255 4444 est
277 4380 447 4443 institutus
470 4379 588 4463 legisse
613 4404 646 4444 se
674 4386 827 4468 testatum
851 4383 941 4447 ouius
965 4384 1114 4448 lectionis
1137 4383 1277 4468 uestigia
1300 4390 1352 4448 sat
