2954 4958
560 322 843 379 Paouacouaan
1039 292 1042 305 '
1202 328 1276 383 axv

115 487 328 572 conspirant,
350 486 502 551 exhibere
520 487 657 573 uideam,
681 489 745 553 nisi
764 489 986 573 quod⁴titulos
1005 492 1184 556 carminum
1198 492 1275 577 llll,

111 593 166 679 V,
185 593 235 660 VI
261 593 368 679 prima
400 593 520 659 codicis
543 606 574 660 G
605 618 720 660 manus
750 596 909 680 exarauit,
939 619 1041 681 paene
1070 600 1212 664 adducor
1239 604 1275 675 ut

111 701 280 786 primitus
300 712 363 767 aV
377 701 508 766 omnino
528 692 648 768 afuisse
663 705 798 768 credam.
837 727 911 770 oum
930 726 1007 769 uero
1027 712 1140 771 auctor
1158 708 1275 771 florum

116 808 302 874 moralium
314 808 556 892 auctoritatum,
566 810 623 893 qui
636 810 719 874 liber
731 811 851 875 01329
861 811 991 898 prodiit,
1006 813 1155 878 uersibus
1169 814 1274 878 tribus

116 934 141 980 e
157 913 291 980 Catullo
306 915 466 1000 excerptis
480 917 681 1007 praescribat
698 917 839 983 Catullus
858 921 900 984 ad
925 920 1043 987 Varum
1056 917 1101 1007 (u.
1113 918 1275 985 Schwabii

119 1022 196 1088 Cat.
212 1023 260 1086 ed
275 1045 302 1087 a.
319 1023 404 1088 1866
418 1045 448 1106 p.
463 1021 529 1108 ΠΙ)
547 1023 696 1109 idemque
715 1026 759 1090 od
777 1025 896 1091 Varum
915 1024 1050 1090 carmini
1071 1026 1167 1090 XXII
1186 1049 1275 1111 prae—

115 1133 228 1213 ponat
237 1128 373 1213 chuno
384 1133 469 1194 certe
483 1129 617 1195 titulum
630 1131 697 1196 iam
714 1131 750 1194 in
763 1132 835 1216 ipso
849 1143 881 1198 V
894 1133 1041 1198 extitisse
1056 1133 1274 1220 colligendum

121 1241 184 1300 est.
218 1247 255 1321 0,
269 1236 325 1320 qui
338 1236 531 1321 plerumque
544 1236 684 1321 primam
698 1239 924 1303 tantummodo
935 1238 1131 1305 Veronensis
1142 1263 1274 1305 manum

118 1342 303 1407 reddidisse
317 1343 479 1427 putandus
497 1348 557 1430 est,
571 1344 683 1409 omisit
696 1344 811 1410 titulos
821 1350 936 1431 postea
946 1368 985 1411 ex
1000 1346 1102 1411 altero
1117 1347 1225 1413 codice
1239 1347 1275 1411 in

120 1462 155 1516 V
173 1450 299 1535 illatos3
320 1450 355 1514 id
379 1451 465 1534 quod
484 1472 522 1515 eo
542 1473 670 1536 quoque
693 1451 833 1517 fortasse
851 1453 929 1519 licet
947 1454 1157 1519 corroborare
1181 1455 1276 1541 quod,

126 1580 201 1622 cum
232 1557 333 1623 codex
355 1556 529 1634 Thoaneus
560 1558 696 1622 carmini
718 1558 812 1623 LXII
839 1560 925 1625 hune
953 1562 1114 1647 praefigat
1141 1561 1275 1626 titulum

120 1665 388 1751 Epithalamium,
410 1676 447 1750 0,
471 1665 526 1750 qui
549 1666 611 1731 hoc
634 1666 730 1730 unico
754 1666 826 1731 loco
850 1668 916 1732 tale
936 1668 1059 1752 aliquid
1078 1669 1218 1754 exhibet,
1239 1669 1275 1732 in

129 1771 308 1836 interstitio
339 1772 425 1837 inter
458 1795 483 1837 0.
498 1772 572 1868 LXI
600 1777 633 1837 et
659 1772 753 1838 LXII
789 1774 876 1838 facto
908 1774 971 1839 hoe
1003 1775 1103 1838 habet
1134 1776 1276 1857 Explicit

128 1880 389 1961 eptittalamam.
436 1879 552 1964 quodsi
580 1881 659 1944 olim
685 1881 720 1944 in
743 1890 774 1945 V
800 1881 854 1947 uel
876 1881 912 1945 in
935 1881 1099 1947 communi
1121 1882 1218 1946 huius
1242 1886 1275 1946 et

127 1984 272 2051 Thuanei
296 1985 472 2070 archetypo
495 1986 543 2051 ita
566 1992 637 2052 erat
660 1987 818 2072 scriptum
841 1989 989 2070 Ecplr'eit.
1011 1988 1274 2070 Epithalamium,

128 2094 249 2176 optime
272 2116 346 2159 cum
369 2093 515 2158 Thuanei
538 2094 752 2179 inscriptione
776 2095 936 2180 congruit.
956 2095 1084 2160 ,deinde
1107 2095 1174 2160 iam
1196 2095 1230 2159 in
1245 2106 1274 2160 V

129 2200 235 2266 uarias
258 2201 415 2266 lectiones
439 2205 472 2279 et
496 2201 623 2287 glossas
652 2203 808 2286 quasdam
836 2202 985 2267 extitisse
1014 2225 1113 2287 supra
1136 2225 1274 2268 comme-

128 2307 324 2373 morauimus
353 2305 397 2396 (u.
417 2307 558 2373 Hermae
586 2313 664 2373 tom.
683 2308 765 2373 XIII
783 2333 815 2394 p.
829 2308 896 2398 57).
939 2310 1008 2374 ueri
1039 2309 1144 2374 simile
1172 2310 1274 2396 igItur
1336 2362 1339 2367 ⁴
1397 2316 1411 2331 “·

128 2420 176 2480 est
198 2416 320 2480 librum
340 2424 372 2480 V
396 2439 415 2480 a
438 2415 545 2480 scriba
568 2415 724 2480 collatum
747 2439 818 2481 esse
846 2439 920 2481 cum
944 2417 1008 2480 alio
1036 2415 1159 2501 codiee,
1190 2418 1273 2481 unde

129 2521 343 2587 correctiones
358 2525 393 2587 et
406 2522 550 2606 duplices
565 2522 721 2588 lectiones
737 2527 826 2588 ortae
842 2528 926 2587 sunt.
955 2527 988 2588 et
1001 2523 1103 2587 uerba
1117 2524 1274 2607 quaedam

128 2628 160 2692 in
187 2630 257 2694 cod.
275 2639 306 2694 V
332 2651 399 2693 non
426 2628 462 2692 in
489 2633 582 2694 textu
609 2629 696 2716 ipso,
724 2631 780 2695 sed
809 2634 865 2694 aut
892 2629 980 2694 inter
1010 2652 1123 2694 uersus
1153 2635 1211 2694 aut
1238 2631 1274 2694 in

129 2737 272 2822 margine
291 2735 414 2820 scripta
431 2735 542 2822 fuisse,
560 2736 635 2801 inde
655 2736 873 2822 cognoscitur,
895 2737 981 2821 quod
1001 2737 1079 2801 ordo
1099 2738 1273 2801 uerborum

128 2843 207 2908 alius
231 2844 266 2908 in
284 2843 358 2907 aliis
378 2843 544 2909 codicibus
563 2848 627 2928 est3
646 2845 737 2908 uelut
755 2843 945 2909 LXXVII9
965 2847 999 2911 id
1016 2844 1063 2908 sio
1082 2844 1274 2931 collocatur:

367 2972 514 3039 111001110
535 2953 571 3017 id
591 2972 654 3017 noa
676 2939 805 3034 ineptae
822 2953 903 3033 feres
926 2961 953 3017 0

405 3079 514 3124 aarum
536 3079 599 3124 coo
621 3059 656 3123 id
677 3060 804 3142 tmpore
824 3059 906 3139 feres
928 3069 959 3124 G

406 3165 443 3230 id
463 3186 572 3230 aarum
594 3186 657 3231 con
680 3167 806 3248 impone
826 3166 906 3246 feres
929 3176 967 3249 D,

128 3291 188 3355 qua
201 3294 241 3336 ex
252 3275 290 3336 're
308 3273 343 3337 id
357 3271 439 3336 illud
452 3272 488 3335 in
502 3271 647 3358 margiue
663 3273 862 3357 adscriptum
882 3272 982 3336 fuisse
1001 3271 1037 3335 in
1051 3283 1080 3337 V
1099 3273 1271 3357 colligitur.

127 3377 210 3444 idem
233 3379 320 3444 cadit
343 3379 379 3443 in
400 3380 523 3444 formas
546 3380 639 3444 uerbi
662 3401 737 3464 csse,
761 3403 825 3464 quo
848 3380 973 3444 factum
996 3383 1060 3465 est,
1082 3383 1120 3442 ut
1143 3379 1272 3464 saepius

127 3486 207 3551 falso
231 3486 304 3551 loco
332 3486 367 3549 in
394 3488 521 3551 textum
548 3486 770 3570 reciperentur
797 3491 854 3551 aut
883 3487 1015 3551 omnino
1045 3485 1273 3550 omitterentur

128 3589 216 3679 (LXI
228 3593 292 3659 185
305 3599 350 3659 est
363 3594 431 3679 tibi,
445 3592 568 3658 ΧΧΙΙ4
579 3589 664 3679 esse),
678 3594 760 3658 etin
774 3593 967 3678 pronomina
983 3591 1191 3676 (XXXVIIII
1202 3593 1222 3656 9
1233 3598 1273 3678 tc3

126 3697 233 3764 LXVI
247 3697 349 3788 aaa).
387 3699 486 3765 simili
518 3701 644 3766 ratione
678 3701 904 3786 explicandum
931 3699 1012 3765 mihi
1038 3698 1167 3763 uidetur
1194 3716 1273 3784 esse,

126 3807 210 3890 quod
232 3805 417 3872 LXXXXII
436 3809 540 3873 3et4
562 3807 598 3870 in
621 3818 677 3876 Ge
702 3808 814 3874 omissi
840 3812 930 3893 sunt,
957 3829 1031 3872 eum
1053 3805 1089 3868 in
1111 3814 1138 3870 0
1163 3809 1273 3869 extent

126 3918 157 3976 et
182 3913 218 3977 in
246 3913 393 3998 margine
420 3913 497 3977 libri
524 3923 552 3978 L
580 3936 599 3978 a
627 3919 808 3979 correctore
837 3913 939 3978 additi
962 3912 1050 3996 sint:
1082 3934 1196 3976 uersus
1222 3912 1273 3976 illi

126 4018 160 4083 in
182 4024 276 4086 textu
299 4019 420 4086 codicis
444 4030 474 4085 V
497 4022 610 4086 omissi
633 4023 668 4086 in
691 4023 838 4109 margine
864 4019 1020 4103 adscripti
1042 4024 1149 4105 erant,
1171 4025 1209 4084 ut
1232 4021 1272 4084 ab

126 4127 188 4192 alio
221 4128 328 4193 scriba
359 4129 592 4214 reciperentur,
629 4130 879 4215 neglegerentur
912 4129 952 4192 ab
987 4127 1070 4191 aliis.
1121 4128 1201 4192 item
1234 4128 1273 4192 de

126 4232 217 4299 LXII
235 4236 279 4301 43
298 4239 331 4299 et
350 4237 393 4300 44
418 4235 637 4322 iudicandum,
660 4237 716 4319 qui
738 4237 772 4301 in
791 4247 848 4304 (ts
867 4239 989 4319 extant,
1012 4234 1129 4298 dosunt
1145 4235 1181 4298 in
1203 4244 1272 4300 ΤΟ.

125 4362 236 4407 uersus
255 4341 358 4427 igItur
372 4342 423 4406 illi
437 4342 471 4405 in
488 4330 663 4428 archetypo
678 4343 836 4408 librorum
851 4353 883 4408 V
897 4346 929 4406 et
943 4340 1089 4405 Thuanei
1108 4340 1272 4407 communi

125 4468 188 4513 non
213 4449 382 4535 extabant3
405 4470 483 4535 ergo
507 4450 690 4535 antiquitus
710 4452 809 4517 etiam
831 4452 867 4515 in
889 4459 921 4514 V
944 4450 1066 4514 derant.
1095 4471 1176 4532 quos
1196 4447 1272 4533 quia

178 4564 308 4604 Ceraunus
323 4564 359 4604 ed.
369 4564 492 4605 Baehrens.
520 4565 562 4605 Ed.
578 4566 616 4605 alt.
1046 4572 1059 4606 e
